3516 5712
377 489 453 572 Cap.
477 489 545 572 ΙΙΙ,
571 489 618 557 19.
959 493 1021 588 164-

375 685 475 744 eidem
502 687 612 760 poetae
637 687 721 742 esset
746 683 917 756 tributum;
944 684 995 744 cui
1017 701 1128 744 revera
1149 685 1227 744 haec
1247 702 1319 761 epp.
1338 685 1494 762 iuscripta
1515 688 1599 746 iuve-

376 783 462 841 nisse
484 783 622 842 vidimus
644 782 820 842 Planudem
835 779 899 858 136).

415 879 503 940 Ordo
523 897 600 956 ergo
620 880 886 955 epigrammatum
907 878 965 938 344
978 896 1016 954 a,
1041 879 1099 938 344
1112 878 1148 954 b,
1172 877 1257 955 3443
1281 879 1340 940 345

376 975 499 1037 eratin
509 975 839 1054 Antb.Oepbalana.·
1009 974 1117 1036 estin
1138 973 1243 1036 Αυέίι.
1265 976 1452 1038 Palatina:

375 1092 407 1134 a.
431 1093 480 1151 ep.
501 1075 559 1134 344
572 1092 608 1134 a:
630 1072 816 1151 Σιμωνίδου
855 1092 887 1134 ιι.
911 1093 959 1150 ep.
980 1074 1088 1134 344c:
1110 1071 1296 1152 Σιμωνίδου

376 1172 405 1232 δ.
433 1191 481 1248 ep.
502 1172 610 1232 alto:
632 1175 687 1232 τοῦ
709 1170 806 1231 αὐτοῦ

375 1287 400 1329 c.
434 1287 482 1345 ep.
504 1269 577 1329 344*
602 1288 609 1328 :
632 1267 798 1330 Λεωνίδου
861 1287 887 1329 c.
911 1287 959 1344 ep.
981 1267 1055 1328 344*
1081 1287 1088 1328 :
1110 1273 1165 1329 τοῦ
1187 1268 1284 1329 αὐτοῦ

376 1366 408 1426 δ.
433 1385 481 1442 ep.
503 1367 561 1428 345
603 1365 808 1428 εάδέσποτον
856 1366 888 1426 δ.
912 1385 961 1442 ep.
981 1367 1040 1426 345
1081 1364 1286 1426 ιάδέσποτον
1307 1365 1338 1426 οἶ
1359 1365 1394 1428 δέ
1414 1365 1600 1444 Σιμωνίδου

974 1466 1168 1542 sequuntur
1188 1481 1262 1542 epp.
1285 1463 1474 1525 346-350

856 1561 885 1622 b.
912 1580 960 1637 ep.
982 1562 1039 1622 344
1053 1562 1087 1622 b:
1110 1559 1316 1642 Καλλιμάχου
1333 1562 1379 1641 (in
1392 1564 1513 1622 ultimis
1526 1581 1597 1639 pag.

1109 1660 1167 1720 257
1188 1658 1306 1737 lineis).

374 1759 461 1820 Ordo
489 1760 636 1834 titulique
655 1759 754 1835 igitur
774 1759 903 1818 demum
924 1759 956 1817 iu
979 1759 1085 1818 codice
1106 1760 1251 1818 Palatino
1271 1759 1342 1835 ipso
1363 1760 1489 1819 confusi
1511 1762 1597 1818 sunt.

375 1856 474 1917 Cuius
503 1858 547 1916 rei
576 1875 658 1931 quae
679 1873 776 1916 causa
799 1857 855 1932 sit,
886 1857 919 1915 in
941 1857 1110 1932 propatulo
1130 1874 1201 1916 esse
1222 1860 1309 1932 puto.
1343 1859 1370 1916 A
1391 1841 1475 1916 enim
1498 1859 1597 1933 epigr.

373 1954 463 2014 3445
491 1956 637 2014 omisisse
665 1955 792 2032 vitietur
818 1957 890 2030 post
918 1954 975 2013 344
989 1971 1027 2028 ο,
1058 1972 1166 2014 errore
1188 1957 1296 2015 autem
1316 1956 1349 2013 in
1371 1957 1514 2030 tempore
1534 1956 1600 2014 ani·

373 2054 542 2112 madverso
563 2054 759 2129 epigramma
781 2053 813 2111 in
835 2053 963 2112 duabus
981 2053 1101 2112 ultimis
1119 2054 1255 2129 paginae
1272 2053 1364 2112 lineis
1383 2053 1499 2128 posuit.
1525 2054 1601 2112 Post

372 2169 445 2210 eum
477 2154 583 2210 autem
614 2152 870 2226 manuscriptum
901 2154 969 2210 erat
999 2152 1203 2210 tractandum
1235 2152 1276 2210 ab
1309 2152 1350 2226 L,
1384 2151 1420 2208 ut
1451 2151 1599 2210 lemmata

287 2282 294 2292 -
372 2251 562 2325 apponeret,
593 2250 634 2308 ab
656 2250 696 2325 Ο,
725 2251 763 2307 ut
784 2251 905 2308 textum
928 2249 1099 2324 corrigeret
1120 2251 1352 2323 auctorumque
1371 2248 1482 2307 titulos
1504 2248 1599 2308 ascri·

372 2348 469 2406 beret.
507 2346 651 2405 Scribam
680 2348 705 2405 L
732 2364 822 2406 error
850 2346 892 2405 ab
919 2346 944 2403 A
968 2346 1158 2405 commissus
1180 2363 1245 2404 non
1266 2346 1390 2421 effugit.
1424 2347 1600 2421 Postquam

374 2445 512 2519 spatium
541 2445 717 2519 marginale
743 2444 832 2503 iuxta
860 2461 908 2519 ep.
937 2443 995 2502 344
1014 2459 1036 2502 a
1063 2444 1205 2518 implevit
1232 2444 1380 2502 lemmate
1407 2441 1450 2509 εἷς
1477 2440 1599 2504 Λέοντά

373 2561 437 2600 τινα
460 2540 496 2600 ὃν
515 2541 519 2616 )
537 2539 687 2618 ἐφρούρει
708 2539 790 2600 λέων
810 2539 1026 2619 μαρμάρινος,
1050 2543 1125 2600 ante
1139 2559 1188 2616 ep.
1200 2541 1257 2600 344
1270 2539 1290 2600 b
1305 2541 1419 2600 lemma
1437 2542 1600 2616 rescripsit

373 2639 494 2714 fusius,
524 2657 596 2698 cum
618 2639 646 2695 ei
667 2639 771 2697 maius
793 2641 920 2712 praesto
941 2641 1025 2697 esset
1046 2639 1185 2713 spatium
1208 2640 1295 2697 nullo
1315 2639 1546 2714 epigrammate
1567 2640 1598 2697 in

373 2736 432 2795 hac
460 2736 576 2812 pagina
605 2739 771 2811 sequente:
801 2734 843 2801 εἰς
864 2732 986 2795 Λέοντά
1007 2757 1071 2796 τινα
1090 2733 1095 2813 )
1114 2735 1150 2795 δν
1170 2733 1252 2796 λέων
1274 2733 1323 2795 έπὶ
1344 2739 1399 2795 τοῦ
1418 2735 1422 2813 )
1441 2734 1600 2814 λάρνακος

372 2833 484 2893 έσκεπε
503 2835 506 2911 )
525 2832 651 2900 λίδινος.

413 2931 630 2990 Correctorem
658 2949 734 2990 vero
761 2932 999 3007 epigrammatis
1027 2930 1118 2991 344b
1143 2933 1350 3007 transpositio
1370 2932 1472 2991 latuit.
1508 2933 1599 2992 Post·

372 3046 469 3104 quam
491 3031 711 3105 epigrammati
733 3030 790 3089 344
803 3047 826 3090 a
846 3031 975 3088 titulum
996 3027 1182 3105 Σιμωνίδου
1204 3031 1366 3106 adiunxit,
1393 3031 1523 3088 titulum
1545 3033 1599 3089 τοῦ

372 3125 486 3203 αὐτοῦ,
518 3129 572 3202 qui
602 3127 778 3203 pertinebat
804 3130 844 3187 ad
871 3146 919 3203 ep.
941 3127 1047 3203 3445,
1079 3128 1190 3187 tribuit
1210 3128 1350 3186 eiusdem
1373 3128 1515 3186 ambitus
1535 3129 1599 3203 epi-

372 3226 542 3301 grammati
569 3224 653 3284 344⁸.
690 3226 890 3300 Sequebatur
919 3226 952 3283 in
981 3226 1125 3285 Palatino
1152 3225 1259 3286 codice
1286 3243 1335 3301 ep.
1363 3225 1421 3284 345
1443 3225 1507 3284 iam
1528 3225 1598 3300 ipsa

371 3324 463 3382 metri
492 3324 644 3382 varietate
665 3325 877 3398 versibusque
898 3323 1099 3382 brevioribus
1122 3321 1335 3400 (choliambis)
1358 3323 1401 3382 ita
1422 3324 1507 3382 inter
1527 3324 1598 3382 dac-

371 3423 465 3498 tylica
493 3422 635 3480 carmina
662 3423 887 3497 conspicuum,
918 3423 954 3480 ut
983 3422 1024 3497 0,
1055 3439 1251 3496 quamquam
1279 3422 1311 3479 in
1338 3421 1598 3481 antecedentibus

371 3520 480 3577 titulos
501 3536 609 3577 errore
630 3521 825 3594 mutaverat,
851 3519 958 3577 statim
976 3519 1036 3577 hoc
1053 3537 1181 3578 carmen
1199 3520 1231 3577 in
1247 3519 1409 3578 Michaelis
1424 3519 1598 3592 exemplari

371 3614 546 3676 ἀδέσποτον
573 3617 748 3692 significari
777 3617 907 3674 videret.
943 3616 1027 3684 Quid
1047 3616 1135 3675 tum?
1168 3617 1320 3675 Restabat
1341 3617 1482 3676 carmine
1503 3618 1597 3676 desti-

371 3717 461 3772 tutus
495 3714 733 3789 epigrammatis
769 3710 842 3772 344*
876 3714 989 3772 titulus
1019 3711 1195 3773 Λεωνίδου.
1237 3714 1330 3782 Quod
1361 3732 1476 3773 nomen
1508 3715 1596 3773 iuxta

371 3808 545 3871 ἀδέσποτον
572 3812 652 3870 illud
672 3829 711 3870 ex
732 3812 913 3870 coniectura
934 3813 1155 3886 epigrammati
1176 3811 1234 3870 345
1255 3794 1399 3871 additum
1421 3812 1597 3870 arbitratus

371 3911 587 3985 recipiendum
605 3927 669 3967 non
687 3910 788 3968 duxit.
816 3908 850 3967 Si
868 3909 1072 3982 quaerendus
1090 3911 1174 3966 esset
1190 3911 1299 3984 poeta,
1323 3910 1406 3968 alius
1424 3910 1452 3968 ei
1469 3912 1597 3985 praesto

370 4011 454 4082 erat,
488 4008 572 4068 idem
600 4008 734 4082 scilicet,
765 4007 817 4065 cui
845 4007 1037 4080 praecedens
1066 4007 1257 4081 ascripserat
1285 4008 1481 4082 epigramma
1510 4006 1593 4082 344*,

370 4105 402 4163 in
431 4123 495 4178 quc
522 4108 552 4164 et
581 4106 651 4178 ipso
671 4105 711 4162 de
731 4121 796 4162 anu
818 4104 923 4162 iuerat
944 4120 1066 4179 serm0,
1097 4121 1141 4162 sc.
1163 4101 1370 4164 Simonides.
1407 4104 1475 4164 Suo
1496 4106 1597 4164 marte

370 4202 467 4277 igitur
495 4202 622 4260 titulum
651 4199 825 4260 ἀδέσποτον
853 4203 941 4261 auxit
970 4219 1029 4260 sua
1050 4202 1152 4276 ipsius
1174 4203 1354 4261 coniectura
1376 4201 1407 4261 oi
1428 4200 1463 4262 δὲ
1483 4199 1595 4280 Σιμω-

370 4297 473 4371 νίδου;
496 4301 581 4374 quali
602 4301 694 4358 titulo
715 4317 788 4358 eum
809 4317 943 4359 ornasse
963 4301 1026 4359 iam
1049 4300 1188 4358 vidimus
1209 4317 1257 4375 ep.
1270 4300 1340 4359 VII.
1355 4300 1431 4375 431,
1455 4301 1495 4359 cf.
1512 4297 1592 4377 §Bb

370 4397 619 4472 Epigrammatis
649 4398 763 4457 deinde
794 4399 936 4458 tractatis
967 4395 1199 4472 346-349137)
1231 4398 1264 4456 in
1296 4397 1417 4455 ultimis
1444 4400 1596 4470 quattuor

371 4543 529 4550 ———-

403 4629 450 4687 136)
486 4631 522 4678 De
539 4630 761 4694 epigrammatum
780 4632 976 4693 computatione
994 4634 1131 4692 praeterea
1149 4629 1199 4678 vid.
1217 4626 1230 4689 ἕ
1247 4627 1287 4677 94.

402 4712 450 4775 137)
485 4715 528 4776 Ep.
546 4713 595 4762 345
615 4716 694 4763 titulo
711 4719 784 4763 caret
800 4713 891 4774 (etiam
910 4729 950 4777 ap.
970 4713 1068 4774 Plan.);
1091 4714 1123 4762 de
1141 4715 1365 4777 epigrammatum
1383 4712 1596 4764 Simonidcorum

368 4797 417 4848 347
441 4813 498 4862 sqq.
522 4799 608 4848 titulis
630 4800 662 4848 ci.
686 4797 698 4860 ἓ
721 4797 761 4848 84.
789 4799 825 4847 De
848 4814 905 4862 epp.
928 4797 978 4847 346
1001 4803 1029 4847 et
1051 4796 1100 4846 347
1125 4798 1283 4847 lemmatum
1306 4798 1461 4848 confusione
1486 4799 1536 4848 vid.
1555 4813 1595 4862 ap.
