3546 5724
393 505 469 581 cap.
496 506 540 565 11.
984 503 1021 564 ar

394 695 470 752 sunt
487 691 725 768 epigrammatis
744 692 799 767 96,
821 693 907 767 quod
928 689 1180 768 (epigrammatis
1199 691 1237 750 97
1256 688 1438 767 gemellum)
1461 690 1621 750 Salamine

394 791 631 850 Corinthiorum
646 791 678 849 in
692 808 800 866 pugna
815 790 988 850 Salaminia
999 789 1176 848 occisorum
1190 790 1371 863 sepulcrum
1383 786 1617 863 ornabatura).

434 888 673 965 Epigrammata
703 889 755 948 illa
783 889 925 963 quinque
953 905 971 947 a
1001 887 1173 947 Corinthiis
1203 886 1354 945 nimirum
1383 904 1544 962 anonyma
1575 884 1620 962 (in

393 987 498 1046 tradit.
533 984 572 1063 A)
604 987 846 1045 exhibebantur.
885 986 1078 1044 Plutarchus
1110 987 1217 1044 autem
1248 984 1478 1059 epigrammata
1511 982 1621 1043 Corin·

393 1084 496 1144 thiaca
530 1084 615 1160 (volo
644 1085 751 1143 omnia
783 1084 925 1160 quinque
956 1100 1039 1158 quae
1071 1083 1179 1141 hausit
1207 1100 1246 1140 ex
1274 1082 1361 1142 fonte
1388 1078 1429 1157 Y)
1460 1099 1524 1140 non
1553 1081 1622 1156 ipse

393 1183 514 1241 invenit
544 1184 576 1240 in
609 1183 792 1242 defensione
824 1182 1046 1256 Corinthiaca,
1088 1181 1144 1240 sed
1175 1180 1291 1255 recepit
1323 1197 1379 1255 per
1411 1179 1618 1254 scriptorem,

394 1280 449 1355 qui
483 1281 570 1356 ipsc,
608 1282 658 1339 vel
688 1298 745 1355 per
776 1281 884 1356 plures
917 1279 1107 1354 scriptores,
1147 1295 1285 1353 quorum
1317 1278 1441 1353 primus
1472 1295 1509 1336 ea
1540 1293 1621 1335 usus

394 1380 470 1437 crat.
495 1379 580 1437 'l'alis
602 1380 707 1437 autem
730 1379 950 1454 scriptoriam
972 1377 1050 1436 vixit
1072 1379 1146 1436 ante
1168 1377 1418 1451 Theopompum.
1447 1375 1573 1434 Etenim
1594 1375 1622 1434 is

394 1477 496 1535 unum
526 1477 723 1553 epigramma
754 1477 828 1552 137,
862 1477 981 1552 quippe
1009 1476 1095 1551 quod
1124 1492 1187 1534 non
1216 1477 1252 1533 ut
1282 1473 1463 1534 Corinthios
1491 1473 1622 1532 infamia

393 1572 557 1650 liberaret,
589 1575 644 1633 sed
672 1577 708 1633 ut
736 1575 850 1634 miram
878 1577 1099 1633 matronarum
1128 1571 1412 1647 comprecationem
1435 1588 1622 1630 commemo·

395 1675 480 1731 raret
511 1673 684 1732 adduxisse
715 1674 875 1749 videatur,
910 1691 974 1733 non
1006 1673 1039 1731 in
1072 1671 1311 1732 Corinthiorum
1339 1670 1502 1745 apologia,
1536 1669 1623 1726 fonte

395 1769 562 1848 abstruso,
586 1773 641 1831 sed
663 1772 695 1830 in
713 1772 856 1831 omnium
875 1772 1018 1847 quinque
1035 1770 1302 1846 epigrammatum
1321 1768 1402 1827 serie
1420 1768 1506 1843 apud
1525 1767 1622 1841 scrip·

395 1871 495 1930 torem
526 1870 754 1946 antiquiorem,
789 1871 845 1945 qui
876 1870 928 1928 illa
960 1887 1040 1928 usus
1072 1870 1175 1943 esset,
1209 1867 1323 1942 legisse
1354 1866 1533 1925 censendus
1561 1867 1619 1924 cst.

396 1969 589 2044 Theopompi
607 1972 714 2028 autem
732 1970 843 2028 auctor
862 1985 971 2044 nemo,
995 1969 1122 2043 opinor,
1147 1984 1218 2025 esse
1234 1966 1352 2041 potuit,
1374 1965 1435 2024 nisi
1452 1965 1620 2040 Ephorus,

395 2084 489 2141 quem
518 2085 591 2126 cum
620 2067 660 2126 ab
689 2066 869 2125 Herodotea
890 2066 1073 2124 narratione
1094 2065 1261 2124 deflectere
1282 2081 1346 2122 non
1368 2062 1534 2122 dubitasse
1553 2065 1623 2127 tum

395 2183 434 2223 ex
462 2166 700 2241 epigrammatis
722 2167 754 2225 in
776 2165 873 2224 rebus
894 2165 1001 2223 dubiis
1023 2165 1213 2239 argumenta
1235 2162 1386 2238 petivisse
1405 2161 1532 2236 illisque
1552 2178 1623 2219 ora·

396 2264 512 2322 tionem
540 2264 683 2322 variasse
703 2262 742 2338 28)
773 2263 851 2322 satis
873 2264 1006 2322 constat.
1042 2262 1193 2336 Ephorus
1214 2261 1274 2320 hoc
1295 2259 1393 2334 igitur
1413 2259 1517 2333 egisse
1538 2259 1624 2317 vide·

395 2364 462 2434 tur,
488 2364 523 2420 ut
541 2363 672 2421 materie
691 2362 843 2422 Corintho
860 2361 997 2420 oriunda
1015 2377 1096 2419 usus
1117 2359 1289 2420 Corinthiis
1308 2359 1452 2416 redderet
1470 2357 1624 2416 honorem

397 2460 437 2518 ab
468 2460 715 2520 Atheniensibus
746 2464 842 2536 atque
873 2460 913 2519 ab
945 2460 1126 2534 Herodoto,
1165 2458 1221 2533 qui
1253 2457 1362 2515 fabula
1394 2456 1433 2514 de
1464 2454 1625 2536 Adimanti

396 2559 473 2633 iuga
503 2559 601 2618 relata
629 2559 755 2618 illorum
777 2559 858 2618 odiis
879 2558 1094 2632 inserviisset,
1125 2557 1300 2631 dereptum.
1334 2553 1426 2628 Apud
1450 2553 1624 2612 Diodorum

399 2656 467 2732 (XI.
501 2656 632 2732 15-19)
662 2658 790 2732 quidem
820 2657 898 2716 nihil
926 2675 965 2715 ex
993 2657 1053 2716 hac
1081 2656 1227 2731 Ephorea
1255 2653 1439 2713 defensione
1467 2651 1625 2712 Corinthi·

429 2877 464 2941 27)
500 2881 569 2930 llaec
594 2881 650 2942 ipsa
675 2885 716 2930 est
740 2881 892 2944 inscriptio,
922 2895 1003 2944 quam
1030 2885 1092 2930 ante
1118 2881 1220 2943 aliquot
1245 2879 1322 2928 armis
1349 2878 1483 2928 Salamine
1510 2877 1627 2940 repperit

397 2965 545 3028 Dragumis.
573 2963 611 3014 61,
630 2962 656 3026 ἓξ
673 2963 720 3028 61,
739 2964 843 3028 31,11.

415 3046 464 3111 ,28)
499 3048 581 3098 Cuius
605 3049 641 3098 rei
666 3049 761 3112 Ephori
785 3051 867 3113 ipsius
891 3051 1019 3098 disertum
1038 3050 1222 3098 testimonium
1241 3053 1314 3098 extat
1331 3049 1399 3112 apud
1419 3046 1575 3097 Strabonem
1595 3045 1626 3093 ll.

397 3133 420 3183 3.
444 3133 459 3182 1
484 3149 506 3195 p.
525 3133 573 3182 161
598 3132 678 3197 [quod
698 3135 787 3184 deesse
806 3136 911 3184 videtur
929 3135 955 3184 in
975 3134 1048 3183 FHG.
1068 3135 1092 3196 l;
1117 3149 1177 3182 nam
1199 3148 1285 3197 neque
1303 3134 1329 3183 in
1350 3133 1380 3182 sr.
1399 3131 1444 3194 69,
1469 3131 1511 3180 cui
1530 3130 1626 3178 adiun-

396 3219 512 3282 gendum
537 3219 636 3277 suerat,
661 3220 758 3282 legitur
776 3235 863 3283 neque
881 3220 943 3268 alibi
962 3219 1079 3268 invenire
1098 3217 1196 3280 potui]:
1222 3221 1300 3266 ταῦτα
1319 3215 1365 3278 (sc.
1383 3211 1414 3264 τά
1431 3209 1627 3279 ἐπιγράμματα)

396 3299 442 3352 καί
469 3299 499 3352 τὰ
525 3307 630 3352 τοιαῦτα
657 3301 815 3368 διακριβοῦν
840 3299 990 3366 εἰώθαμεν,
1017 3301 1079 3351 ὅταν
1101 3299 1118 3366 ᾗ
1143 3319 1166 3350 τι
1190 3285 1243 3350 τῶν
1265 3297 1429 3366 πραγμάτων
1452 3296 1468 3364 ἢ
1491 3295 1627 3354 παντελῶς

397 3384 578 3451 ἀπορούμενον
601 3384 617 3452 ἢ
641 3386 730 3452 ψευδῆ
754 3385 835 3446 δόξαν
858 3384 927 3452 ἔχον.
958 3387 996 3438 Cf.
1022 3387 1110 3451 Unger
1135 3388 1227 3436 Philol.
1251 3386 1291 3436 16,
1315 3386 1380 3436 1886
1405 3402 1428 3448 ρ.
1446 3383 1479 3434 66
1502 3401 1527 3434 n.
1546 3382 1575 3447 6,
1600 3391 1628 3432 et

398 3479 532 3536 praeterea
558 3473 650 3522 Busolt
673 3471 716 3522 Gr.
740 3472 832 3522 Geseh.
857 3470 905 3520 lll²
928 3488 950 3534 p.
969 3471 1014 3534 61,
1039 3471 1172 3521 Schwartz
1197 3471 1284 3521 Herm.
1309 3469 1349 3519 35.
1374 3469 1439 3519 1966
1464 3484 1487 3532 p.
1505 3468 1563 3519 166.
1589 3469 1626 3517 Ex

398 3558 498 3620 llpboro
523 3561 664 3638 propagata
687 3572 743 3606 esse
767 3561 871 3606 constat
894 3571 933 3619 ep.
958 3557 1032 3618 Preg.
1057 3554 1090 3603 86
1113 3555 1198 3616 (Diod.
1224 3556 1290 3604 Xlll.
1316 3554 1348 3603 16
1374 3571 1403 3597 =
1429 3553 1494 3616 Eph.
1513 3555 1544 3603 ir.
1563 3551 1627 3615 161,

399 3643 471 3692 mm.
490 3639 599 3704 1.668);
623 3656 679 3704 ορρ.
700 3641 737 3690 Pr.
758 3640 807 3688 117
826 3639 1034 3702 6116118636.
1053 3641 1083 3689 X.
1102 3640 1125 3690 3.
1143 3640 1159 3688 6
1178 3657 1201 3703 p.
1220 3639 1281 3689 163ε
1305 3635 1466 3702 παρατίθησι
1484 3634 1513 3688 δὲ
1531 3634 1577 3688 καὶ
1597 3635 1628 3687 τὰ

380 3715 526 3775 ’τούτων
548 3721 720 3788 μαρτύρια
738 3720 768 3773 τὰ
786 3719 969 3788 ἐπιγράμματα
988 3722 1077 3786 [verba
1096 3740 1176 3788 supra
1193 3725 1310 3786 excripta
1327 3724 1405 3786 paulo
1424 3721 1491 3786 post]
1512 3740 1541 3765 =
1561 3723 1627 3785 Eph.

398 3813 429 3861 fr.
452 3811 498 3874 66,
522 3810 596 3860 EHG.
621 3811 639 3859 l.
662 3809 726 3872 611,
750 3825 788 3873 ep.
815 3811 853 3859 l'r.
878 3808 911 3859 83
936 3825 965 3852 =
990 3808 1088 3858 Simon.
1107 3808 1154 3858 111
1178 3808 1275 3866 (Schol.
1294 3808 1367 3857 Pind.
1386 3807 1412 3856 P.
1433 3808 1450 3856 1.
1469 3805 1532 3868 155,
1555 3807 1627 3870 quod

397 3898 572 3948 Scholiastam
596 3897 713 3945 indidem
737 3896 902 3945 arcessivisse
925 3900 1006 3958 atque
1031 3895 1148 3943 scholion
1172 3895 1203 3943 ad
1228 3910 1251 3942 v.
1273 3892 1323 3942 116
1347 3909 1376 3936 =
1401 3893 1495 3955 Ephor.
1514 3891 1545 3940 fr.
1563 3889 1628 3953 111,

400 3982 472 4032 l'llG.
497 3983 514 4030 l.
538 3980 602 4043 661,
625 3995 686 4030 cum
705 3996 758 4044 quo
776 3981 838 4028 olim
857 3980 1022 4042 cohaereret,
1047 3978 1272 4028 demonstrabitur
1290 3976 1302 4039 ἓ
1321 3975 1372 4037 76).
1399 3977 1539 4026 Praeterea
1556 3976 1627 4038 apud

397 4068 536 4130 scriptores
554 4066 639 4114 multa
657 4066 802 4114 laudantur
820 4065 1026 4127 epigrammata,
1050 4078 1119 4126 quae
1138 4063 1169 4111 ad
1189 4063 1322 4125 Ephorum
1342 4075 1476 4111 recurrere
1495 4061 1627 4110 videntur.

398 4152 531 4215 Imprimis
556 4165 626 4213 epp,
653 4164 722 4213 quae
749 4149 893 4198 laudantur
918 4149 944 4196 in
973 4148 1077 4197 Diodori
1102 4148 1168 4197 libro
1195 4147 1230 4196 XI
1256 4145 1406 4208 (cf.§l18):
1433 4162 1472 4209 ep.
1497 4146 1570 4209 Preg.
1595 4144 1629 4194 86

398 4237 464 4300 (cap.
481 4235 538 4298 11);
557 4250 613 4297 epp.
632 4234 706 4298 Preg.
722 4233 768 4295 85,
785 4232 848 4296 666,
866 4233 895 4282 61
918 4249 947 4276 =
967 4233 1064 4282 Simon.
1077 4231 1140 4295 139,
1158 4231 1205 4295 96,
1223 4230 1254 4280 91
1273 4229 1408 4294 (cap.33);
1427 4246 1466 4293 ep.
1477 4230 1517 4279 Pr.
1527 4227 1577 4277 669
1596 4245 1627 4272 =

398 4322 461 4372 Sim.
480 4320 528 4369 116
546 4318 612 4381 (cap.
631 4317 684 4380 66).
714 4319 781 4368 Tum
800 4335 856 4382 epp.
875 4319 926 4368 tria
944 4319 1018 4382 Preg.
1037 4316 1086 4366 153
1104 4317 1238 4379 (Aeschin.
1257 4316 1325 4366 Gtes.
1345 4315 1407 4379 181,
1427 4317 1495 4366 Plut.
1513 4314 1579 4364 Cim.
1599 4313 1629 4378 7,

399 4409 430 4458 ci.
449 4406 462 4469 ἓ
479 4406 511 4456 19
530 4422 554 4455 n.
572 4403 624 4465 17).
652 4403 726 4468 Apud
747 4404 922 4454 Plutarchum
940 4405 983 4466 (cf.
1003 4402 1015 4465 ἓ
1033 4403 1076 4465 56)
1095 4403 1210 4466 denique
1228 4417 1266 4464 cp.
1286 4402 1360 4465 Preg.
1378 4400 1428 4450 163
1447 4417 1477 4444 =
1496 4400 1559 4450 Sim.
1578 4398 1629 4447 139

398 4490 441 4551 (de
466 4491 524 4540 ller.
549 4505 583 4539 m.
606 4488 640 4538 31
662 4495 690 4539 et
713 4490 804 4540 Tlrem.
828 4489 869 4552 8),
894 4506 933 4553 ep.
959 4490 1032 4551 Preg.
1058 4487 1089 4537 78
1115 4504 1144 4531 =
1173 4488 1272 4538 Simon.
1290 4486 1340 4535 116
1357 4485 1401 4547 (de
1421 4487 1479 4536 Her.
1500 4500 1533 4534 m.
1551 4483 1583 4532 16
1601 4491 1630 4533 ct

399 4575 478 4624 Arist.
496 4573 547 4636 19),
578 4573 680 4632 Quibus
698 4589 769 4623 nunc
787 4589 818 4623 ex
837 4575 929 4624 eodem
947 4574 1037 4623 libello
1055 4573 1087 4622 de
1106 4573 1165 4622 Her.
1185 4574 1245 4621 mal.
1265 4573 1387 4622 accedere
1405 4571 1530 4620 videntur
1547 4571 1629 4632 quin-

399 4674 451 4722 que
468 4660 662 4722 epigrammata
680 4658 854 4708 Corinthiaco.

433 4743 491 4791 Alia
509 4747 646 4804 poetarum
664 4743 829 4806 fragmenta,
851 4758 920 4806 quae
938 4742 965 4791 in
984 4741 1079 4805 Ephori
1097 4741 1217 4804 reliquiis
1235 4739 1418 4803 inveniuntur,
1436 4740 1529 4788 allerre
1547 4738 1630 4788 huius

400 4841 453 4876 non
471 4831 512 4876 est
529 4827 587 4876 loci.
