3546 5724
407 512 482 587 Cap.
507 512 551 570 II.
996 515 1034 574 44

406 699 550 758 Attamen
580 717 664 759 anno
693 699 784 776 37615
812 702 944 760 imitatio
965 702 1061 762 huius
1083 704 1321 779 epigrammatis
1343 708 1503 780 comparet
1524 706 1557 764 in
1578 724 1626 781 ep.

405 798 463 856 844
486 797 575 856 llaib.
593 801 630 856 'ei
651 798 682 856 in
705 800 803 858 altera
825 801 931 875 quarti
953 802 1070 860 sacculi
1092 804 1182 876 parte
1199 799 1236 877 13)
1259 801 1291 858 in
1315 801 1452 861 Xanthia
1475 802 1629 862 Columna

407 894 479 971 (768
501 895 620 973 Kaib.).
649 896 726 958 ‘Wie
747 898 865 956 kanuto
886 916 920 957 es
942 898 998 958 der
1019 899 1162 974 lykische
1183 899 1319 973 Dichter,
1344 899 1398 957 fiir
1418 899 1556 959 welchen
1575 901 1631 958 wir

405 994 485 1052 doch
501 995 583 1053 wohl
601 995 651 1054 die
666 995 858 1072 Benutzung
873 996 960 1055 einer
978 996 1225 1072 buchmdssigen
1245 996 1435 1072 Sammlung
1450 997 1630 1055 annehmen

405 1091 561 1152 miissen?
578 1139 584 1152 .
603 1138 610 1152 .
630 1139 637 1152 .
658 1139 664 1152 .
696 1091 802 1156 Wclclv
818 1092 1035 1172 zwinpcndcr
1055 1092 1183 1154 (irland
1197 1092 1281 1172 licyt
1298 1111 1360 1155 cor
1373 1113 1415 1154 zo
1433 1093 1627 1171 bestrciten,

404 1191 462 1249 das
477 1191 544 1250 dies
556 1192 744 1268 Epigramm
759 1193 825 1251 und
841 1193 927 1252 diese
940 1192 1131 1269 Sammlung
1145 1193 1227 1252 nach
1241 1193 1362 1268 Lykien
1377 1194 1505 1269 galangt
1520 1193 1591 1251 sind
1601 1191 1628 1252 2’

403 1288 562 1365 Alterum,
583 1291 669 1364 quod
688 1291 821 1366 exempli
839 1293 908 1350 loco
925 1291 1048 1366 laudat,
1070 1292 1265 1368 epigramma
1284 1291 1322 1351 97
1343 1288 1627 1368 (Corinthiacum),

404 1387 489 1461 quod
514 1388 801 1448 demonstrativum
822 1389 1074 1448 additamentum
1096 1391 1249 1448 nanctum
1270 1391 1334 1464 est,
1366 1390 1429 1448 huc
1450 1407 1514 1448 uon
1535 1389 1628 1464 iacit,

404 1485 554 1559 quoniam
573 1504 688 1546 versus
702 1487 891 1563 reprehensi
908 1487 941 1545 in
959 1487 1037 1563 Ipsis
1059 1487 1203 1562 Sylloges
1223 1487 1363 1561 reliquiis
1385 1484 1542 1563 (AP.v11.
1556 1486 1629 1561 250)

404 1583 519 1642 desunt
526 1601 533 1657 ;
556 1588 740 1660 comparent
761 1586 846 1644 enim
866 1585 995 1644 demum
1017 1584 1101 1660 apud
1124 1584 1294 1643 Aristidem
1316 1584 1375 1644 512
1394 1586 1430 1643 D.
1456 1610 1494 1634 =
1517 1585 1573 1644 163
1590 1586 1628 1644 Κ.

405 1681 449 1738 De
469 1699 517 1757 ep.
543 1684 582 1742 cl.
609 1681 652 1760 ἐξ
676 1683 730 1759 34,
756 1683 810 1759 61,
836 1683 903 1742 141.
938 1682 1081 1742 Tertium
1102 1682 1283 1758 exemplum
1305 1699 1354 1756 ep.
1381 1681 1438 1741 106
1462 1680 1631 1758 (Euryme-

403 1779 580 1856 domium),
615 1799 811 1856 quamquam
843 1781 875 1839 in
908 1782 969 1840 ΑΡ.
1004 1781 1120 1857 legitur
1151 1781 1247 1854 atque
1279 1779 1565 1838 demonstrativum
1597 1778 1631 1837 id

403 1893 473 1936 esse
494 1879 647 1954 concedo,
671 1881 777 1938 tamen
797 1896 975 1954 numquam
992 1879 1025 1936 in
1046 1878 1174 1954 Sylloge
1191 1877 1262 1952 ipsa
1280 1877 1415 1936 affuisse
1433 1879 1631 1936 demonstra-

404 1974 489 2033 bitur
513 1974 532 2053 ᾖ
556 1977 623 2035 127.

443 2074 541 2133 Talia.
558 2076 787 2151 epigrammata
816 2075 1066 2134 demonstrativa
1095 2091 1167 2134 cum
1196 2091 1260 2132 non
1289 2075 1494 2132 aversaretur
1522 2073 1631 2132 schola

404 2171 579 2248 Isocratea,
605 2191 656 2232 res
678 2172 921 2231 ReitzensteinIo
942 2173 975 2230 in
997 2173 1104 2247 aprico
1125 2174 1188 2230 est:
1222 2170 1266 2231 ‘es
1286 2168 1426 2231 dindari
1447 2169 1559 2231 nichts
1580 2171 1632 2230 die

403 2269 513 2329 iilteste
547 2271 737 2346 Sammlung
770 2270 1030 2329 simonideischer
1058 2271 1263 2346 Epigramma
1291 2269 1368 2328 oder
1399 2268 1631 2345 Sammlungen

403 2384 466 2424 von
488 2368 716 2444 Epigrammen
738 2386 797 2427 aus
818 2368 880 2428 den
903 2367 1168 2442 PerserkiimpIen
1190 2366 1239 2424 bis
1261 2366 1293 2424 in
1315 2366 1366 2425 die
1386 2370 1470 2425 erste
1489 2368 1555 2426 Zeit
1573 2367 1631 2426 des

402 2465 560 2523 Isocrates
588 2466 864 2525 hinaufzuriicken
891 2467 959 2525 und
987 2466 1043 2524 mit
1071 2465 1121 2522 ihr
1149 2464 1200 2523 die
1228 2453 1361 2524 iiltesten
1382 2464 1631 2539 epideiktischen

404 2562 584 2623 Zuthaten’.

443 2661 538 2719 Doleo
565 2663 597 2720 in
625 2663 684 2722 hac
705 2665 795 2738 parte
815 2647 888 2722 libri
910 2681 1010 2738 aeque
1031 2662 1158 2722 venusti
1180 2680 1216 2721 ac
1237 2661 1342 2721 festivi
1365 2661 1471 2720 virum
1492 2661 1630 2720 clarissi-

402 2774 491 2816 mum
520 2762 685 2835 tantopere
713 2761 801 2820 abuti
822 2761 950 2838 ingenio
972 2764 1067 2835 atque
1088 2761 1223 2836 plectere
1244 2762 1343 2818 artem
1364 2759 1509 2835 logicam.
1543 2759 1631 2819 Atta·

402 2873 475 2914 men
503 2857 585 2921 duae
613 2876 664 2918 res
692 2860 725 2917 iu
753 2860 805 2919 illa
831 2860 1094 2919 commentatione
1115 2860 1242 2934 insunt,
1274 2865 1403 2934 propter
1425 2875 1507 2932 quas
1529 2859 1631 2917 multa

402 2953 429 3012 ei
451 2955 660 3016 condonanda
682 2960 767 3017 sunt.
798 2958 941 3016 Primum
963 2958 1049 3032 quod
1071 2958 1170 3016 sensit
1192 2956 1446 3031 disquisitionem
1468 2956 1507 3014 de
1528 2958 1631 3015 aetate

405 3051 549 3128 Sylloges
570 3055 729 3114 artissime
750 3056 919 3116 cohaerere
940 3073 1012 3115 cum
1034 3055 1220 3130 quaestione
1242 3055 1281 3113 de
1302 3055 1370 3113 eius
1392 3055 1529 3130 origIne,
1559 3056 1630 3112 tum

402 3151 488 3225 quod
516 3153 639 3228 primus
667 3155 810 3213 omnium
831 3156 917 3214 locos
939 3154 1153 3230 Diogenianos
1175 3153 1263 3211 VIII.
1289 3152 1327 3212 60
1349 3156 1379 3211 et
1401 3153 1438 3212 65
1460 3153 1493 3210 in
1516 3149 1629 3212 Simo-

401 3247 525 3312 nidcne
555 3252 750 3327 quaestionis
782 3253 863 3312 lines
896 3253 1035 3325 vocavit;
1069 3252 1124 3326 qui
1154 3251 1214 3311 loci
1242 3250 1282 3310 ab
1310 3251 1459 3310 omnihus
1490 3249 1631 3327 (praeter

404 3347 695 3425 Schneidewinum,
725 3351 780 3424 qui
801 3368 854 3409 eos
876 3351 1015 3426 notavit,
1044 3352 1076 3409 at
1098 3367 1162 3408 non
1184 3347 1368 3425 usurpavit)
1391 3351 1465 3408 ante
1486 3349 1630 3408 Reitzen-

402 3447 549 3505 steinium
578 3448 728 3523 neglecti,
759 3466 799 3507 ne
827 3449 868 3507 ab
894 3449 932 3506 iis
954 3448 1082 3523 quidem
1105 3452 1181 3506 sunt
1202 3447 1352 3522 respecti,
1384 3447 1440 3522 qui
1461 3450 1533 3522 post
1554 3464 1631 3506 eum

404 3544 617 3605 Simonideam
636 3548 854 3620 quaestionem
872 3547 1072 3606 tractandam
1091 3546 1151 3604 sihi
1170 3548 1378 3621 sumpserunt
1385 3590 1393 3620 ,
1418 3545 1630 3604 Hauvettium

402 3642 473 3700 volo
494 3646 589 3718 atquc
611 3644 893 3703 Wilamowitzium.

443 3739 533 3817 124.
579 3741 630 3801 De
657 3743 795 3803 motata
823 3741 1087 3819 epigrammatis
1115 3739 1325 3812 condicione.
1371 3741 1459 3809 Quae
1481 3758 1557 3799 vero
1578 3759 1630 3800 ar·

401 3843 551 3914 gumenta
566 3841 598 3898 in
617 3841 762 3917 Sylloges
779 3841 1034 3900 Simonideorum
1049 3841 1316 3917 epigrammatum
1331 3840 1432 3898 aetate
1446 3838 1629 3899 delinienda

400 3938 576 3997 certissima
604 3956 640 3998 ac
668 3939 826 3998 tutissima
855 3955 926 3997 esse
946 3940 1087 4013 possint,
1119 3955 1292 4012 exponam,
1324 3938 1496 4011 postquam
1516 3938 1630 4012 paucis

400 4036 465 4094 dixi
483 4036 522 4096 de
539 4039 661 4095 mutato
678 4037 916 4112 epigrammatis
935 4039 1030 4096 statu.
1056 4037 1139 4095 Nam
1155 4035 1392 4102 concedendum
1409 4038 1457 4093 est
1477 4033 1629 4110 Syllogen

400 4152 436 4194 ea
464 4135 591 4194 demum
620 4138 721 4193 aetate
745 4134 929 4194 concinnari
950 4135 1108 4210 potuisse,
1140 4151 1213 4192 cum
1235 4133 1366 4207 antiqua
1388 4132 1629 4207 epigrammatis

400 4233 557 4309 condicio,
589 4251 652 4308 qua
674 4235 785 4292 auctor
807 4233 1040 4309 neglegeretur,
1072 4230 1265 4291 evanuisset.
1302 4231 1340 4288 In
1362 4230 1629 4305 inscriptionibus

400 4334 506 4390 autem
527 4331 712 4390 mutationis
733 4331 817 4390 illius
840 4331 973 4407 vestigia
996 4331 1049 4389 vix
1070 4328 1295 4403 ostenduntur,
1321 4345 1394 4387 cum
1410 4327 1509 4386 nihilo
1523 4329 1628 4404 magis

400 4447 497 4503 quam
525 4432 618 4488 antea
646 4429 797 4488 marmori
825 4429 957 4488 inscribi
986 4429 1084 4488 soleat
1105 4430 1215 4503 poetae
1236 4426 1475 4502 epigrammatis
1497 4443 1625 4485 nomen.

400 4527 460 4586 His
482 4527 609 4586 demum
632 4527 725 4586 annis
746 4527 864 4602 publici
886 4527 964 4585 iuris
986 4527 1068 4585 iacta
1090 4528 1137 4584 est
1158 4525 1322 4599 inscriptIo
1344 4523 1421 4582 satis
1443 4524 1575 4598 antiqua
1598 4527 1628 4583 et

434 4748 466 4810 ¹3)
502 4749 543 4798 Sic
566 4755 638 4798 actas
661 4750 838 4812 inscriptionis
862 4750 988 4799 delinitur
1011 4748 1074 4798 OIG.
1099 4747 1178 4810 laetu
1202 4753 1230 4796 at
1249 4748 1325 4796 hodie
1342 4751 1447 4796 constat
1463 4760 1522 4795 eam
1542 4745 1628 4795 inulto

399 4848 456 4882 esse
475 4835 667 4897 antiquiorem,
689 4832 826 4895 (15111.
