3546 5724
403 493 479 572 cap.
505 491 530 554 1.
995 491 1032 556 aa

403 687 450 743 est
481 683 513 742 in
546 681 717 758 scriptores
750 682 958 758 recentiores,
992 683 1047 758 qui
1080 679 1314 758 antiquioribus
1346 683 1573 762 scriptoribus,
1604 702 1619 747 a

403 783 522 857 quibus
537 782 589 840 illa
607 781 734 841 traditio
750 785 876 857 accepta
892 785 974 855 erat,
994 782 1044 840 usi
1062 785 1151 856 suut,
1170 782 1259 841 litera
1275 783 1301 840 A
1317 784 1447 859 notabo,
1467 783 1620 845 recentio-

402 895 475 938 rem
492 882 599 938 autem
614 877 770 956 Syllopes
785 877 1007 938 Simonideae
1024 879 1113 938 litera
1131 878 1163 938 S.
1189 879 1278 948 Quae
1295 880 1454 940 distinctio
1472 899 1509 940 eo
1527 884 1620 958 magis

404 978 582 1037 necessaria
610 978 685 1051 erit,
717 978 802 1052 quod
831 980 940 1052 postea
969 977 1061 1035 nobis
1090 977 1254 1052 apparebit
1282 979 1484 1038 traditionem
1516 979 1537 1038 S
1563 997 1620 1038 uon

404 1077 505 1137 solum
528 1076 709 1150 discrepare
731 1093 747 1134 a
769 1075 939 1133 traditione
960 1076 984 1133 A
1006 1092 1042 1133 ea
1065 1092 1115 1148 re,
1146 1075 1232 1148 quod
1255 1076 1493 1150 epigrammatis
1515 1077 1547 1136 in
1568 1078 1622 1136 hac

403 1174 572 1250 anonymis
604 1174 821 1232 auctoritatem
858 1172 1071 1232 Simonideam
1101 1173 1211 1247 adicit,
1246 1174 1301 1232 sed
1330 1175 1424 1232 etiam
1452 1175 1538 1248 quod
1566 1175 1622 1250 ple·

404 1289 540 1347 rumque
567 1272 833 1347 epigrammatum
861 1273 1016 1329 textum
1045 1271 1172 1329 exhibet
1200 1271 1411 1331 diversum
1440 1272 1481 1330 ab
1509 1289 1560 1346 θο,
1593 1274 1622 1332 in

404 1389 468 1445 quo
489 1371 672 1444 comparent
693 1369 724 1426 in
747 1367 917 1426 traditione
938 1368 1126 1442 antiquiore.

444 1471 485 1529 Ut
511 1468 724 1528 constituatur
751 1466 827 1540 quid
857 1466 1046 1524 testimoniis
1074 1465 1130 1540 iis,
1162 1483 1244 1540 quae
1274 1466 1401 1542 Sylloge
1427 1468 1621 1542 innituntur,

404 1568 608 1628 tribuendum
632 1565 688 1639 sit,
713 1567 778 1622 tres
801 1565 876 1622 sunt
899 1563 1070 1622 solvendae
1091 1565 1310 1639 quaestiones,
1335 1565 1367 1623 in
1390 1566 1508 1639 quibus
1525 1567 1624 1624 omnis

405 1666 538 1725 vertitur
554 1663 750 1738 quaestionis
768 1661 968 1721 Simonideae
983 1662 1142 1720 tractatio:
1167 1660 1197 1736 1)
1220 1663 1350 1736 quando
1364 1664 1625 1738 epigrammatum

406 1765 534 1840 Sylloge
548 1760 720 1821 Simonidis
736 1759 863 1817 nornine
877 1759 1029 1833 inscripta
1044 1759 1145 1817 extitit
1159 1759 1279 1834 quique
1293 1777 1388 1819 casus
1402 1761 1472 1819 eius
1483 1761 1624 1835 fuerunt;

403 1860 435 1937 2)
465 1879 503 1919 ex
531 1859 650 1934 quibus
676 1857 889 1931 qualibusque
910 1857 1052 1915 fontibus
1074 1857 1302 1932 epigrammata
1326 1857 1471 1934 Sylloges
1495 1858 1626 1917 Simoni·

404 1961 481 2019 deae
509 1959 604 2034 petita
631 1959 721 2028 sunt;
755 1954 786 2031 3)
817 1973 900 2030 quae
920 1955 1011 2033 eppff,
1043 1971 1126 2028 quae
1146 1955 1232 2029 apud
1254 1955 1425 2030 scriptores
1449 1956 1627 2015 Simonideo

404 2059 531 2117 nomine
551 2057 664 2114 ornata
685 2055 846 2130 leguntur,
871 2053 911 2112 ad
930 2053 1032 2127 ipsam
1053 2052 1203 2128 Syllogen
1224 2052 1438 2112 Simonideam
1458 2058 1534 2113 sunt
1552 2055 1627 2113 reie-

405 2157 520 2231 renda,
545 2171 627 2229 quae
648 2155 752 2212 autem
776 2152 894 2210 habent
915 2151 1008 2210 aliam
1033 2151 1205 2210 Simonidei
1224 2151 1362 2210 nominis
1380 2152 1544 2227 originem.
1569 2152 1628 2210 His

405 2252 646 2330 quaestiouibus
673 2251 711 2307 in
734 2250 806 2308 hac
828 2249 966 2322 priore
988 2249 1111 2306 huius
1133 2250 1493 2308 commentationis
1515 2254 1629 2325 parte

403 2368 532 2427 operam
554 2348 712 2408 dabimus

445 2451 526 2506 Tum
541 2448 669 2506 demum
684 2445 846 2520 explorata
862 2444 1041 2503 traditionis
1056 2445 1188 2504 historia
1202 2445 1288 2504 omni
1305 2446 1345 2503 in
1368 2447 1493 2504 altera
1515 2464 1561 2520 pa
1571 2449 1630 2505 rte

404 2545 567 2621 inquisitio
588 2543 712 2602 institui
733 2542 863 2617 poterit,
888 2559 951 2616 qua
974 2543 1201 2617 constituatur,
1225 2560 1383 2618 quaenam
1405 2543 1544 2618 genuina
1567 2543 1631 2602 sint

404 2647 486 2703 inter
507 2661 543 2702 ea
565 2643 793 2718 epigrammata
815 2657 898 2713 quae
922 2640 1136 2724 Simonideam
1159 2641 1377 2699 auctoritatem
1400 2643 1515 2700 nauata
1534 2646 1627 2716 suut,

405 2745 454 2802 vel
476 2743 597 2817 potino,
626 2741 785 2814 quatenus
807 2737 889 2795 iuter
911 2738 1140 2813 epigrammata
1162 2741 1271 2812 postea
1296 2739 1450 2797 Simonidi
1472 2739 1631 2798 vindicata

405 2841 560 2916 quaedam
592 2837 815 2910 inveniantur,
851 2853 933 2910 quae
964 2837 1034 2894 iure
1065 2839 1175 2911 poetae
1205 2837 1333 2895 nomine
1365 2837 1533 2895 videantur
1561 2854 1633 2896 esse

404 2944 526 2998 ornata.
562 2936 704 3011 Etenim,
736 2953 808 2994 cum
838 2937 946 3008 postea
975 2935 1224 2993 demonstraturi
1247 2934 1347 2992 simus
1369 2935 1512 2994 fontibus
1533 2937 1631 3010 potis-

405 3039 520 3096 simum
550 3052 646 3093 usum
673 3051 743 3093 esse
772 3034 975 3093 Collectorem
997 3030 1225 3108 scriptoribus
1248 3032 1424 3108 (Herodoto
1446 3035 1634 3109 Thucydide

405 3136 534 3211 Ephoro
556 3130 651 3208 eg),
677 3132 732 3205 qui
753 3131 982 3206 epigrammata
1005 3129 1093 3188 nullo
1115 3130 1302 3204 praeberent
1324 3131 1452 3190 nomine
1471 3132 1630 3207 praedita,

406 3234 492 3292 nulla
521 3232 750 3306 epigrammata
778 3246 938 3303 anonyma
967 3227 1035 3286 iure
1064 3228 1219 3286 Simonidi
1241 3228 1417 3287 adiudicari
1438 3232 1630 3305 potuerunt,

405 3333 466 3390 nisi
487 3348 540 3405 ea,
571 3345 709 3403 quorum
731 3328 813 3385 forte
835 3327 963 3384 fortuna
986 3326 1113 3384 traditio
1134 3327 1266 3400 antiqua
1287 3327 1320 3384 in
1343 3326 1529 3402 scriptoreS,
1562 3328 1633 3387 (iol-

404 3429 529 3488 lectoris
557 3426 677 3500 fontes,
709 3424 904 3497 transiisset,
937 3427 1032 3498 atque
1060 3442 1189 3483 necesse
1216 3428 1263 3483 est
1293 3425 1375 3483 inter
1401 3426 1634 3500 epigrammata

407 3525 607 3586 Simonideae
620 3523 765 3599 Sylloges
780 3538 939 3596 perpauca
954 3524 1079 3580 tantum
1094 3522 1135 3580 ab
1149 3522 1219 3596 ipso
1230 3525 1322 3597 poeta
1333 3523 1473 3597 prolecta
1485 3523 1631 3582 affuisse.

346 3674 347 3678 ,
405 3625 513 3698 Ratio,
543 3640 607 3697 qua
635 3621 902 3696 epigrammatum
933 3619 1188 3678 Simonideorum
1217 3619 1297 3678 fides
1323 3621 1476 3694 tentetur,
1509 3638 1573 3680 non
1596 3638 1635 3679 ea

404 3723 502 3798 igitur
533 3721 600 3795 θεῖ,
635 3737 717 3794 quae
748 3717 856 3777 multis
889 3717 967 3774 viris
998 3717 1098 3775 doctis
1120 3714 1159 3791 50)
1193 3717 1330 3791 placuit,
1364 3720 1400 3775 ut
1432 3735 1450 3775 a
1482 3719 1636 3792 genuinis

405 3821 613 3880 sacernantur
641 3815 826 3889 subditioia,
858 3815 913 3872 sed
943 3817 978 3872 ut
1006 3815 1038 3872 iu
1067 3814 1333 3889 epigrammatum
1354 3815 1501 3890 congerie
1521 3816 1636 3890 depre-

405 3919 587 3977 hendantur
608 3914 782 3990 quaedam,
807 3930 889 3986 quae
910 3913 1065 3986 posterior
1087 3914 1174 3971 aetas
1195 3913 1307 3970 merito
1330 3911 1503 3972 Simonidis
1525 3916 1637 3972 auoto-

405 4017 497 4075 ritate
523 4013 716 4072 instruxisse
743 4009 886 4086 putanda
915 4011 965 4068 sit.
1000 4010 1070 4078 Qua
1092 4010 1125 4067 in
1146 4009 1369 4083 disquisitione
1389 4010 1562 4069 tenendum
1585 4014 1638 4069 est

405 4131 582 4188 numquam
593 4111 686 4170 licere
696 4110 892 4184 epigramma
905 4107 1129 4182 quodcumque
1142 4106 1293 4182 (exceptis
1305 4109 1638 4183 Thermopylensibus

405 4212 508 4271 tribus
537 4210 592 4285 94,
624 4208 678 4283 91,
709 4205 761 4282 92)
791 4209 919 4281 propter
940 4206 1172 4280 cuiuscumque
1193 4206 1413 4265 auctoritatem
1434 4224 1505 4265 cum
1531 4206 1638 4266 Simo·

405 4311 478 4368 nido
509 4310 711 4383 coniungere.
746 4305 901 4365 Accedere
933 4321 1062 4363 necesse
1092 4306 1140 4362 est
1172 4304 1232 4362 alia
1264 4306 1469 4380 argumenta,
1505 4306 1540 4362 ut
1569 4305 1638 4380 epi-

405 4424 550 4484 gramma
571 4405 732 4480 quoddam
754 4407 903 4478 putemus
925 4404 995 4462 iure
1015 4402 1170 4461 Simonidi
1192 4402 1381 4460 attributum
1403 4420 1421 4460 a
1440 4402 1636 4476 Collectore,

405 4507 523 4580 quippe
555 4521 649 4577 quem
681 4503 773 4561 unice
804 4502 959 4576 rationes,
994 4518 1078 4575 quae
1104 4518 1122 4559 a
1151 4500 1281 4574 proprio
1309 4500 1425 4558 iudicio
1453 4500 1636 4574 pendeant,

405 4603 555 4662 inducere
576 4601 753 4676 potuerint,
777 4602 814 4658 ut
833 4600 988 4660 Simonidi
1009 4616 1206 4674 anonymum
1228 4598 1425 4673 epigramma
1442 4585 1636 4684 vindicaret.

438 4806 474 4871 50)
509 4807 607 4872 Bergk,
626 4807 771 4870 Hauvette,
789 4806 841 4856 alii.
