3546 5724
405 487 481 566 Cap.
506 485 550 550 ΙΙ.
998 485 1037 549 48

404 678 534 754 praebet
564 677 765 737 traditionem
798 678 1003 737 recentiorem
1038 675 1109 754 (S),
1143 677 1175 736 in
1209 695 1272 754 qua
1305 675 1379 739 huic
1410 679 1632 757 epigrammati
1663 695 1664 700 ’

403 779 496 836 antea
518 793 679 852 anonymo
698 775 871 835 Simonidis
890 776 1063 835 auctoritas
1082 775 1231 834 adiuncta
1249 779 1306 836 est.
1332 778 1413 837 Ecce
1430 779 1499 838 eius
1518 781 1632 839 verba:

403 873 456 934 καὶ
490 870 555 952 μὴν
589 871 634 932 ὅτι
668 870 763 949 μόναι
798 875 861 932 τῶν
889 870 1080 950 Ἑλληνίδων
1111 871 1150 932 αἱ
1185 869 1405 950 Κορίνθιαι
1440 879 1633 952 γυναῖκες

403 971 574 1042 εὔξαντο
610 968 664 1048 τὴν
697 966 798 1048 καλὴν
829 968 950 1048 ἐκείνην
981 966 1034 1030 καὶ
1066 966 1230 1045 δαιμόνιον
1261 967 1358 1049 εὐχὴν
1388 971 1518 1049 ἔρωτα
1550 977 1633 1039 τοῖς

403 1068 575 1147 ἀνδράσι
602 1073 668 1147 τῆς
692 1065 794 1144 πρὸς
819 1065 910 1134 τοὺς
936 1066 1174 1145 βαρβάρους
1194 1066 1327 1147 μάχης
1348 1067 1543 1146 ἐμβαλεῖν
1563 1069 1632 1149 τὴν

403 1166 515 1238 θεόν,
543 1165 602 1246 οὐχ
631 1164 721 1232 ὅπως
748 1163 820 1232 τοὺς
846 1163 918 1243 περὶ
942 1162 1117 1242 Ἡρόδοτον
1144 1163 1296 1245 ἀγνοῆσαι
1317 1164 1455 1227 πιθανόν
1476 1164 1531 1246 ἦν,
1560 1167 1629 1229 ἀλλ’

403 1265 478 1328 οὐδὲ
499 1263 552 1326 τόν
573 1263 704 1343 ἔσχατον
719 1260 848 1341 Καρῶν.
872 1261 1026 1342 διεβοήθη
1050 1260 1110 1340 γάρ
1131 1260 1165 1323 τδ
1186 1266 1318 1342 πρᾶγμα
1340 1263 1393 1325 καὶ
1409 1263 1633 1346 Σιμωνίδης

402 1363 546 1445 ἐποίησεν
568 1361 766 1441 ἐπίγραμμα,
792 1359 955 1440 χαλκῶν
980 1358 1152 1422 εἰκόνων
1178 1360 1489 1426 ἀνασταθεισῶν
1515 1363 1554 1426 ἒν
1580 1371 1632 1444 τῷ

402 1469 484 1543 ναῷ
511 1466 577 1540 τῆς
598 1457 854 1539 Ἀφροδίτης,
881 1458 925 1519 ὃν
946 1457 1196 1536 ἱδρύσασθαι
1217 1457 1404 1539 Μήδειαν
1425 1461 1631 1541 λέγουσιν,

402 1562 433 1623 οῖ
459 1559 518 1640 μὲν
545 1557 642 1638 αὐτην
669 1555 877 1635 παυσαμένην
905 1553 1054 1633 τάνδρός,
1084 1555 1114 1616 οἱ
1142 1555 1176 1616 δὲ
1205 1555 1254 1616 ἐπὶ
1282 1564 1328 1637 τῷ
1355 1557 1409 1619 τόν
1433 1557 1555 1621 Ἰάσονα
1577 1565 1632 1640 τῆς

406 1657 535 1725 Θέτιδος
556 1656 676 1735 ἐρῶντα
697 1659 815 1715 παῦσαι
836 1653 891 1733 τὴν
912 1652 998 1714 θεόν.
1043 1653 1077 1714 τό
1099 1652 1131 1714 δ’
1150 1653 1333 1734 ἐπίγραμμα
1355 1657 1438 1717 τοῦτ’
1457 1656 1549 1718 ἐστίν·

601 1752 665 1814 αἵδ’
683 1751 763 1831 ὑπὲρ
781 1750 940 1813 Ἑλλάνων
961 1775 992 1813 τε
1013 1751 1066 1813 καὶ
1087 1751 1306 1833 ἰθυμάχων
1326 1753 1476 1834 πολιητᾶν

632 1850 812 1913 ’ἒστάθεν
834 1849 1055 1929 εὐξάμεναι
1076 1849 1215 1930 Κύπριδι
1237 1851 1398 1933 δαιμονίᾳ·

601 1952 640 2014 οὐ
662 1949 722 2030 γάρ
744 1949 964 2029 τοξοφόροισιν
985 1949 1157 2029 ἐμήδετο
1180 1949 1223 2011 δῖ’
1242 1950 1411 2031 Ἀφροδίτα

641 2046 803 2127 Μήδοις
820 2045 980 2109 Ἑλλάνων
1001 2045 1175 2124 ἀκρόπολιν
1195 2048 1414 2128 προδόμεν.

440 2152 581 2212 Tertium
599 2148 816 2208 testimonium
835 2147 1017 2222 suppeditat
1036 2147 1270 2206 Athenaeus
1288 2149 1345 2208 573
1365 2167 1397 2224 c,
1423 2150 1477 2223 qui
1496 2149 1527 2208 in
1547 2149 1630 2208 libro

400 2252 497 2326 XIII,
522 2250 554 2307 in
573 2265 638 2323 quo
656 2246 843 2321 praesertim
862 2245 902 2304 de
917 2245 1136 2326 meretricibus
1152 2245 1297 2321 disserit,
1322 2247 1491 2321 antiquum
1507 2264 1629 2305 morem

401 2347 601 2410 Corinthium
618 2345 843 2404 commemorat
861 2346 971 2401 nostro
987 2344 1216 2418 epigrammate
1230 2344 1435 2403 illustratum.
1461 2344 1629 2420 Epigram-

399 2447 474 2506 mati
491 2446 647 2504 adlectum
662 2443 710 2500 est
726 2457 851 2501 νιοιιιινι
866 2438 1074 2517 Simonidis,
1096 2459 1160 2516 qua
1175 2459 1209 2500 re
1224 2442 1405 2501 Athenaeus
1421 2443 1629 2502 recentiorem

398 2545 600 2604 traditionem
618 2538 670 2618 (S)
688 2541 928 2615 repraesentare
943 2540 1078 2598 videtur.
1104 2539 1249 2608 Quorum
1265 2539 1457 2615 scriptorum
1472 2540 1629 2598 niteretur

399 2643 601 2715 auctoritate,
631 2639 763 2696 lectores
792 2637 929 2696 incertos
957 2655 1028 2697 esse
1056 2638 1171 2710 noluit;
1201 2655 1275 2696 nam
1304 2655 1368 2696 non
1395 2639 1502 2696 minus
1529 2639 1628 2696 trium

398 2741 495 2799 tradit
522 2740 690 2798 auctorum
718 2736 864 2811 nomIna,
896 2736 951 2809 qui
979 2735 1018 2794 de
1045 2736 1155 2795 eadem
1185 2753 1219 2795 re
1241 2735 1445 2811 scrIpserant.
1480 2735 1627 2804 Quorum

399 2839 533 2899 alterum
562 2837 625 2895 iam
654 2834 816 2911 cognitum
845 2834 1000 2893 habemus
1028 2852 1067 2893 ex
1098 2834 1223 2894 Scholio
1249 2835 1417 2894 Pindarico
1439 2853 1482 2894 sc.
1508 2836 1628 2894 Theo-

398 2954 597 3013 pompum.
643 2935 809 2993 Praeterea
844 2933 1018 2992 laudantur
1054 2932 1385 2992 Chamaeleontis
1421 2934 1629 2994 Heracleotae

396 3036 476 3095 liber
497 3030 568 3110 περὶ
590 3028 755 3108 Πινδάρου
777 3033 807 3090 et
829 3031 986 3089 Timaei
1000 3031 1079 3089 liber
1095 3031 1259 3105 septimus.
1285 3032 1516 3091 Testimonium
1530 3033 1626 3092 Athe-

398 3134 468 3192 naei
489 3133 522 3191 in
543 3131 613 3191 aliis
636 3131 732 3189 rebus
755 3147 827 3189 curn
849 3130 1053 3204 Theopompo
1075 3127 1195 3204 (Schol.
1222 3128 1330 3206 Pind.)
1354 3131 1560 3205 conspicans,
1592 3132 1626 3190 in

397 3232 466 3290 aliis
483 3247 555 3289 curn
575 3228 761 3303 Plutarcho,
786 3228 818 3285 in
838 3227 907 3286 aliis
926 3230 1032 3285 autem
1048 3227 1088 3285 ab
1105 3231 1242 3301 utroque
1257 3227 1461 3303 discrepans,
1485 3228 1545 3288 hoc
1560 3231 1626 3288 est:

397 3326 534 3407 νόμιμόν
559 3324 639 3386 ἔστιν
664 3323 796 3404 ἀρχαῖον
817 3323 850 3383 ἕν
872 3321 1041 3442 Κορίνθφ,
1070 3322 1116 3391 ὡς
1136 3323 1190 3384 καὶ
1211 3321 1460 3402 Χαμαιλέων
1481 3323 1499 3385 ὁ
1518 3321 1625 3403 Ἥρα-

396 3425 536 3505 κλεώτης
559 3423 612 3500 (fr
638 3423 675 3483 16
697 3420 873 3499 Koepke)
862 3425 978 3500 europei
995 3420 1028 3481 ἓν
1049 3427 1094 3501 τῷ
1114 3420 1187 3512 περί
1209 3420 1431 3500 dedpov,‘'
1412 3444 1519 3502 οτανη
1508 3422 1627 3491 ‘miter

396 3524 522 3604 εὔχηται
544 3544 614 3600 περι
607 3520 784 3640 μεγάλων
805 3525 841 3599 τῇ
858 3517 1044 3598 Ἀφροδίτη,
1073 3505 1447 3599 συμπαραλαμβάνεσθαι
1467 3519 1548 3599 πρὸς
1569 3545 1627 3602 την

396 3621 525 3682 ικετείαν
553 3617 607 3686 τὰς
634 3618 757 3696 ἑταίρας
783 3616 830 3684 ὡς
849 3615 1006 3688 πλείστας,
1035 3616 1088 3677 καὶ
1109 3616 1221 3686 ταύτας
1241 3617 1475 3736 προσεύχεσθαι
1496 3642 1532 3699 τη
1553 3545 1627 3680 θείῦ

395 3718 449 3780 καὶ
469 3718 599 3796 ὕστερον
620 3715 670 3776 ἐπὶ
691 3738 753 3783 τοις
774 3715 868 3793 ἱεροῖς
888 3737 1040 3793 παρειναι.
1063 3714 1116 3776 καὶ
1137 3715 1188 3777 ὅτε
1210 3715 1248 3796 δὴ
1271 3715 1370 3777 έπι
1342 3739 1397 3796 την
1414 3715 1597 3777 Ελλάδα
1569 3741 1626 3796 τιγν

396 3816 554 3895 στρατείαν
575 3813 649 3895 ι’γγεν
670 3813 688 3875 ό
711 3811 855 3892 Πέρσης,
882 3811 929 3881 ὡς
949 3811 1003 3873 καί
1024 3809 1272 3892 Θεόπομπος
1294 3815 1347 3892 (fr.
1373 3815 1447 3891 170,
1471 3816 1568 3876 FHG.
1594 3818 1621 3877 Ι.

395 3916 470 3992 306,
495 3915 558 3975 vid.
584 3912 696 3990 supra)
720 3912 837 3989 ἱστορεῖ
853 3909 907 3971 καί
931 3907 1099 3988 Τίμαιος
1122 3911 1174 3989 (fr.
1197 3914 1245 3988 57,
1271 3914 1368 3974 FHG.
1389 3915 1415 3973 Ι.
1437 3911 1509 3990 204)
1532 3912 1565 3972 έν
1587 3918 1625 3993 τῇ

395 4011 534 4092 ἑβδόμη,
557 4011 589 4072 αἱ
610 4009 778 4088 Κορίνθιαι
799 4008 916 4087 ἑταῖραι
938 4008 1067 4080 εὔξαντο
1089 4007 1169 4087 ὑπὲρ
1190 4015 1244 4088 τῆς
1263 4013 1327 4070 τῶν
1344 4008 1504 4089 Ἑλλήνων
1519 4031 1624 4090 σωτη-

395 4111 464 4189 ρίας
491 4111 533 4178 εἷς
560 4108 613 4170 τόν
641 4113 694 4188 τῆς
718 4105 906 4187 Ἀφροδίτης
933 4105 1084 4168 ἐλθοῦσαι
1111 4107 1201 4169 νεών.
1240 4106 1290 4168 διδ
1311 4107 1364 4169 καὶ
1385 4106 1625 4187 Σιμωνίδης

395 4208 579 4270 ἀναθέντων
607 4210 670 4268 τῶν
697 4204 882 4284 Κορινθίων
903 4204 1053 4266 πίνακα
1075 4210 1111 4285 τῇ
1132 4204 1203 4285 θεῷ
1224 4204 1277 4266 τὸν
1298 4205 1339 4266 ἔτι
1360 4204 1414 4266 καὶ
1434 4210 1491 4266 νῦν
1513 4204 1623 4284 διαμέ-

394 4329 486 4368 νοντα
508 4304 561 4367 καὶ
582 4303 636 4372 τὰς
657 4303 780 4381 ἑταίρας
801 4301 863 4383 ι’δίᾳ
887 4302 932 4380 ((ί.
947 4323 974 4364 c.
994 4305 1079 4364 solas
1097 4322 1114 4363 e
1132 4307 1199 4363 toto
1214 4304 1343 4380 populo'
1358 4305 1481 4364 Wilam.
1498 4304 1620 4364 Oomm.

393 4425 424 4482 p.
449 4405 481 4483 4)
516 4401 709 4482 γραφόντων
740 4400 794 4469 τάς
825 4400 891 4462 τότε
921 4401 1138 4480 ποιησαμένας
1168 4399 1224 4481 τὴν
1255 4401 1384 4463 ἱκετείαν
1411 4399 1465 4462 καὶ
1495 4400 1625 4479 ύστερον

393 4502 558 4582 παρούσας
588 4501 645 4579 (sc.
677 4499 725 4561 ε’πλ
751 4505 814 4568 τοῖς
835 4501 929 4578 ἱεροῖς
950 4502 1000 4559 vel
1021 4498 1071 4560 ἐπὶ
1092 4504 1157 4567 ταῖς
1177 4498 1317 4570 θυσίαις,
1345 4518 1482 4575 quorum
1505 4501 1623 4559 alteru·

393 4605 479 4662 trum
501 4603 573 4661 fort.
599 4601 734 4660 addend.
759 4617 843 4660 cene.
870 4597 977 4676 Kaib.)
1001 4596 1159 4677 συνέθηκε
1180 4595 1305 4659 τόδετὸ
1327 4596 1525 4676 ἐπίγραμμα·

553 4697 618 4759 αἵδ’
635 4697 715 4776 ὑπὲρ
734 4695 894 4759 Ἑλλάνων
915 4719 947 4758 τε
967 4695 1021 4758 καὶ
1042 4695 1294 4776 εὐθυμάχων
1314 4695 1464 4776 πολιητᾶν

593 4793 762 4856 ἕστάθεν
784 4793 977 4876 εὔχεσθαι
1001 4792 1137 4873 Κύπριδι
1160 4793 1322 4874 δαιμονίᾳ·
