3516 5712
736 523 793 585 ua
1205 522 1224 604 ξ
1247 527 1302 603 84,
1327 527 1375 587 as.

146 716 344 791 denegarent
362 715 581 774 auctoritatem
597 714 754 789 imprimis
771 713 894 772 scribae
911 714 935 774 (l
952 712 1170 791 (correctori),
1192 715 1243 773 cui
1259 729 1377 774 munus

147 814 291 872 oblatum
319 815 388 872 erat
410 812 589 888 corrigendi
610 813 820 887 manuscripti
842 813 883 871 ab
904 812 929 871 A
950 815 981 871 et
1001 813 1027 871 L
1049 812 1282 889 (Lemmatista)
1305 831 1378 871 con·
1503 866 1506 872 ,

147 911 229 971 fecti.
255 911 340 971 Huic
362 911 508 987 scriptori
530 911 687 986 permulta
709 911 865 970 debentur
887 911 986 986 tituli,
1009 928 1071 986 eg.
1089 911 1232 985 plerique
1247 911 1378 969 alterius

147 1009 249 1085 partis
276 1009 350 1068 libri
377 1010 438 1069 VII
468 1007 654 1085 (156-741)
681 1011 717 1078 et¹
732 1009 848 1083 prioris
870 1009 971 1083 partis
991 1009 1063 1067 libri
1085 1008 1148 1083 IX,
1179 1008 1235 1067 ubi
1255 1008 1283 1066 is
1305 1027 1377 1068 auc·

147 1109 255 1166 torum
285 1107 407 1166 indices
438 1106 566 1181 adiecit,
601 1123 683 1180 quos
713 1107 814 1165 textui
845 1105 963 1165 addere
990 1107 1016 1164 A
1044 1107 1277 1182 supersederat.
1312 1108 1377 1166 Viri

148 1203 231 1262 docti
247 1203 370 1262 dudum
388 1204 583 1264 Correctoris
600 1204 696 1263 fidem
712 1205 744 1262 in
763 1204 900 1279 singulis
915 1204 1154 1280 epigrammatis
1170 1223 1209 1262 ex
1221 1205 1374 1280 Planude,

148 1319 286 1376 quocum
309 1319 404 1377 saepe
424 1303 602 1377 conspirat,
627 1303 910 1361 confirmaverunt.
935 1303 1017 1361 Tum
1039 1320 1115 1361 vero
1137 1303 1233 1361 huius
1255 1303 1378 1362 scribae

148 1417 277 1474 operam
310 1403 394 1459 recte
421 1401 589 1460 aestimare
617 1401 809 1475 poterimus,
844 1407 918 1459 'cum
945 1400 1014 1459 eius
1043 1402 1253 1460 correctiones
1281 1404 1378 1476 atque

148 1498 371 1556 annotationes
398 1498 430 1557 in
459 1516 496 1557 ea
525 1501 616 1573 parte
643 1498 739 1557 Anth.
764 1499 829 1558 Pal.
860 1498 1127 1574 spectaverimus,
1158 1499 1190 1557 in
1220 1517 1283 1574 qua
1312 1517 1376 1558 non

149 1595 226 1654 solet
247 1598 418 1655 auctorum
439 1596 548 1656 titulos
569 1596 744 1672 ascribere,
770 1598 827 1656 sed
848 1597 941 1655 unice
962 1597 1171 1671 manuscripti
1193 1597 1234 1655 ab
1254 1598 1280 1655 A
1301 1600 1331 1656 et
1352 1598 1377 1656 L

148 1695 270 1753 exarati
291 1695 518 1753 correctionem
540 1695 673 1770 suscipit
680 1713 688 1767 ;
711 1694 797 1769 quod
819 1712 882 1753 usu
904 1694 1043 1753 venitin
1065 1694 1156 1753 libris
1174 1696 1210 1769 V,
1230 1695 1284 1771 VI,
1302 1696 1373 1754 VII.

150 1789 277 1850 1-155.
1094 1815 1095 1820 ¹

188 1889 284 1947 Prius
312 1892 419 1949 autem
445 1888 602 1951 chicmae
626 1891 789 1966 indicabo,
821 1890 981 1965 quomodo
1001 1890 1034 1948 in
1055 1890 1146 1949 libris
1167 1891 1228 1949 ΑΡ.
1253 1891 1289 1966 V,
1313 1892 1373 1966 VI,

148 1987 225 2061 VII,
256 1987 313 2062 qui
339 1989 526 2062 praesertim
552 1989 585 2048 in
609 1988 800 2049 Simonideis
822 1989 854 2047 in
877 2005 1009 2047 censum
1031 1988 1180 2062 veniunt,
1204 1989 1376 2046 exarandis

149 2084 269 2143 librarii
288 2101 359 2143 sese
376 2087 538 2161 excepisse
551 2086 730 2146 videantur.
756 2086 846 2144 Nitor
861 2086 977 2145 scilicet
994 2084 1212 2145 Stadtmiilleri
1226 2086 1372 2144 editione.

189 2179 261 2241 Lib.
287 2181 319 2242 V.
350 2183 376 2241 A
398 2184 525 2259 scripsit
546 2186 668 2243 textum
690 2186 922 2257 auctorumque
943 2183 1072 2241 nomina
1094 2183 1230 2259 addidit,
1255 2184 1281 2242 L
1301 2186 1375 2243 lern-

150 2282 232 2338 mata
259 2297 366 2355 usque
392 2281 433 2340 ad
460 2299 509 2357 ep.
535 2282 609 2357 120,
641 2282 733 2341 cuius
759 2299 889 2357 operam
912 2282 953 2357 G,
983 2283 1105 2340 textum
1128 2282 1205 2340 dum
1227 2282 1372 2357 corrigit,

150 2377 297 2452 perduxit
325 2395 429 2452 usque
454 2379 494 2439 ad
516 2397 565 2454 ep.
590 2379 657 2439 236.
693 2380 804 2440 Cetera
825 2397 895 2455 epp.
920 2379 1077 2438 lemmatis
1099 2382 1217 2438 carent.
1253 2381 1376 2455 Duplex

149 2475 244 2550 igitur
262 2476 295 2534 in
314 2476 375 2535 hoc
391 2477 473 2536 libro
489 2478 684 2537 Correctoris
699 2481 747 2537 est
761 2495 855 2553 cura,
880 2481 910 2536 et
925 2478 1054 2552 propria
1069 2478 1249 2552 corrigendi
1264 2496 1376 2538 manu·

151 2573 257 2648 scripti
276 2577 308 2633 et
329 2575 476 2634 lemmata
498 2575 678 2636 ascribendi
699 2575 938 2651 epigrammatis
961 2575 1127 2635 121-236.
1293 2641 1295 2646 ,

189 2669 260 2730 Lib.
283 2669 334 2731 VI.
369 2673 395 2730 A
412 2674 556 2732 exaravit
573 2676 695 2732 text-um
714 2674 926 2749 opposuitque
943 2673 1052 2732 titulos
1070 2674 1136 2732 iere
1153 2691 1280 2750 omnes,
1301 2676 1375 2734 lem·

151 2770 231 2827 mata
253 2772 361 2828 autem
382 2788 487 2845 usque
504 2771 544 2830 ad
562 2789 611 2846 ep.
629 2771 698 2831 220.
723 2772 930 2846 Reliquorum
945 2771 1211 2847 epigrammatum
1226 2772 1375 2832 lemmata

152 2882 240 2925 nemo
258 2868 384 2927 curavit
402 2899 440 2910 -
459 2886 654 2943 quamquam
672 2870 696 2930 G
711 2869 744 2928 in
759 2870 866 2928 animo
880 2869 1033 2928 habuisse
1047 2869 1174 2928 videtur
1188 2887 1224 2928 ea
1239 2870 1372 2945 adicere,

151 2963 188 3021 cf.
212 2965 368 3040 222-24,
397 2965 536 3026 232-33
564 3000 604 3009 -
624 2966 695 3043 1011),
727 2968 788 3025 nisi
817 2967 903 3041 quod
932 2967 957 3025 L
985 2967 1139 3026 nonnulla
1165 2967 1286 3026 addidit
1312 2971 1374 3044 epi-

152 3064 335 3135 grammatis
355 3063 428 3122 libri
449 3065 613 3140 extremis,
638 3083 711 3124 cum
733 3065 857 3140 septimi
880 3065 951 3123 libri
969 3065 1199 3140 epigrammata
1216 3067 1375 3125 lemmatis

151 3158 327 3220 instruendi
358 3162 475 3221 iaceret
505 3163 641 3221 initium.
676 3163 701 3222 G
732 3163 830 3238 igitur
861 3164 1048 3238 praesertim
1077 3164 1214 3222 correxit
1243 3181 1375 3223 manum

152 3272 292 3328 prunam.

188 3353 259 3414 Lib.
281 3353 350 3416 VII.
381 3358 407 3415 A
427 3360 549 3416 textum
571 3360 673 3416 totum
696 3358 837 3433 scripsit,
862 3358 971 3417 titulos
992 3359 1206 3434 lemmataque
1226 3361 1375 3435 apposuit

151 3467 249 3526 usque
270 3454 312 3512 ad
333 3472 382 3529 ep.
409 3455 475 3515 155.
501 3457 633 3530 Reliqua
648 3456 797 3515 lemmata
813 3457 837 3515 L
851 3457 1016 3532 ascripsit,
1041 3460 1211 3531 postquam
1227 3458 1375 3518 lemmata

152 3550 269 3609 scribae
296 3552 323 3610 A
352 3553 409 3610 hic'
427 3553 489 3612 illic
515 3555 739 3613 additamentis
765 3555 864 3613 auxit.
890 3555 930 3630 O,
962 3572 1034 3613 cum
1057 3557 1265 3630 manuscripti
1288 3556 1375 3615 abA

151 3649 243 3721 atque
269 3650 294 3708 L
323 3651 455 3709 coniecti
484 3653 710 3711 correctionem
740 3653 985 3728 aggrederetur,
1021 3653 1259 3728 epigrammatis
1288 3672 1374 3713 auc·

151 3745 277 3805 torum
309 3748 457 3808 titulos
488 3749 563 3809 inde
594 3750 635 3810 ab
666 3768 715 3825 ep.
748 3750 805 3809 156
833 3751 955 3809 adiecit.
990 3752 1142 3809 Extrema
1169 3751 1275 3810 denuo
1302 3753 1374 3810 libri

152 3842 376 3918 epigrammata
406 3845 609 3923 (ill-748),
641 3847 715 3906 inde
743 3865 761 3906 a
790 3865 916 3908 summa
938 3848 1006 3907 cod.
1028 3866 1101 3924 pag.
1119 3849 1194 3924 325,
1226 3849 1373 3908 Atitulis

152 3938 308 4002 instruxit.

193 4038 300 4114 ltaque
328 4043 370 4118 C,
401 4043 670 4116 quemadmodum
697 4045 729 4103 in
751 4045 833 4103 libro
854 4046 967 4119 quinto
990 4043 1074 4121 (epp.
1098 4044 1268 4121 121-236)
1292 4064 1373 4121 opus

152 4152 171 4194 a
202 4137 401 4198 Lemmatista
432 4141 616 4201 derelictum
645 4145 846 4219 susceperat,
880 4145 924 4202 ita
952 4144 984 4201 in
1013 4143 1094 4201 libro
1123 4143 1255 4217 septimo
1286 4143 1370 4220 (epp.

154 4232 318 4313 156-740)
341 4237 450 4297 titulos
472 4239 513 4298 ab
535 4241 559 4297 A
582 4258 645 4299 non
668 4240 830 4316 appositos
851 4241 1004 4300 exaravit.

153 4395 305 4408 ἣ..-

151 4502 334 4556 argumentum
354 4498 415 4545 nori
432 4513 492 4546 cum
508 4513 539 4547 ex
555 4498 740 4548 Stadtmiilleri
756 4499 953 4549 Reitzensteinii
969 4501 1075 4564 Pregeri
1090 4501 1163 4549 libris
1178 4505 1236 4550 tum
1252 4517 1282 4551 ex
1301 4503 1373 4552 Burs.

150 4577 235 4628 Jhrsb.
252 4581 276 4630 V.
293 4581 360 4632 1876
378 4598 401 4645 p.
418 4581 464 4631 101
484 4598 540 4648 sqq.

186 4658 231 4720 ¹⁰⁶)
262 4666 300 4714 ltu
324 4665 380 4716 steri
403 4668 502 4729 potuit,
526 4672 557 4716 ut
573 4683 613 4730 ep.
632 4669 729 4732 Zonae,
753 4670 823 4734 quod
842 4671 870 4719 in
888 4670 979 4719 ordine
998 4671 1134 4734 Philippeo
1153 4672 1316 4734 alphabetico
1334 4673 1373 4721 bis

151 4743 196 4876 Eli.
218 4746 263 4796 105
287 4755 313 4799 et
337 4751 379 4799 vl.
403 4749 467 4800 255*
490 4754 588 4814 recepit
611 4752 739 4816 Cephalas
762 4752 806 4814 (ci.
830 4753 843 4816 ἓ
867 4754 924 4817 89),
951 4757 1004 4804 illic
1028 4757 1154 4805 lemmate
1177 4763 1302 4806 ornatum
1326 4759 1373 4820 sit,

172 4843 198 4877 rc
215 4839 303 4884 careat.
