3572 5716
721 1411 957 1479 CAPUT
1004 1411 1043 1478 V.

411 1605 608 1662 llllllllTlONlS
626 1604 877 1662 EPIGRAMMATUM
897 1604 1134 1662 SlllONlDIlORUM
1153 1604 1353 1662 conspicuus.

312 1787 330 1864 ξ
356 1789 421 1846 142.
468 1785 519 1846 De
550 1783 734 1846 titulorum
762 1783 1047 1846 Simonideorum
1075 1781 1211 1861 criptae
1238 1784 1344 1860 atque
1371 1785 1492 1843 catate.

270 1886 330 1959 Iis,
362 1886 480 1960 quibus
510 1885 688 1944 Simonides
714 1885 840 1958 floruit,
871 1883 1068 1958 temporibus
1092 1879 1265 1942 litterario
1285 1881 1495 1956 epigramma-

269 1983 329 2042 tica
351 1984 455 2057 poesis
477 1983 621 2041 nondum
642 1982 814 2040 colebatur.
842 1981 876 2040 Si
898 1998 962 2055 qua
984 1998 1002 2039 a
1023 1980 1125 2055 poetis
1146 1979 1254 2054 lyricis
1275 1979 1495 2038 condebantur

269 2081 367 2156 elegia
390 2077 533 2158 (ἐλεγεῖα)
555 2081 653 2139 unius
675 2079 1138 2155 paucorumvedistichorum,
1165 2077 1331 2151 -qualia
1353 2076 1495 2136 carmina

269 2179 459 2252 posteriores
488 2176 709 2257 ἐπιγράμματα
737 2181 933 2237 vocaverunt
961 2211 1018 2252 —,
1050 2194 1086 2236 ea
1108 2175 1204 2250 lapidi
1225 2175 1383 2234 destinata
1404 2177 1495 2233 erant

269 2276 662 2351 subministrabanturque
690 2277 758 2334 sive
785 2276 885 2351 gratis
914 2275 982 2334 sive
1010 2275 1143 2348 pecunia
1171 2275 1262 2348 pacta
1287 2273 1494 2331 donariorum

268 2374 499 2449 cipporumque
536 2375 727 2449 dedicatori,
769 2373 861 2432 cuius
899 2373 997 2431 unius
1032 2388 1148 2430 nomen
1183 2388 1256 2429 cum
1289 2370 1496 2444 inscriptione

271 2468 494 2549 (ἐπιγράμματι
530 2474 580 2530 vel
614 2469 787 2549 ἐπιγραφῇ)
825 2471 975 2546 coniungi
1011 2471 1133 2544 poterat
1168 2470 1278 2544 poetae
1308 2468 1495 2526 auctoritate

268 2585 403 2642 prorsus
425 2569 576 2644 neglecta.
601 2570 714 2642 Itaque
735 2568 858 2626 etiamsi
879 2567 1073 2627 Simonidem
1092 2567 1177 2642 apud
1197 2566 1344 2640 aequales
1363 2565 1495 2624 eximiae
1602 2583 1604 2587 ·

269 2666 347 2724 artis
378 2666 655 2742 epigrammaticae
685 2667 833 2741 opinione
863 2667 1004 2724 fructum
1036 2681 1107 2723 esse
1137 2664 1396 2723 constituendum
1427 2666 1491 2738 est,

269 2765 392 2822 nullum
420 2764 489 2823 eius
521 2762 737 2840 ‘epigramma'
765 2764 848 2822 tradi
876 2763 978 2838 potuit
1004 2763 1073 2821 eius
1095 2762 1281 2821 auctoritate
1301 2761 1494 2820 instructum

272 2860 306 2938 (9
332 2862 367 2921 19
390 2860 488 2937 sco-l·

308 2959 400 3028 Quod
422 2962 528 3018 autem
550 2963 658 3034 postea
681 2960 844 3034 complura
866 2959 1095 3034 epigrammata
1116 2957 1305 3032 legebantur
1322 2957 1495 3017 Simonidis

269 3058 396 3116 nomine
416 3060 545 3132 ornata,
570 3058 597 3114 ei
619 3074 735 3116 causae
755 3057 925 3131 praecipue
946 3055 1151 3114 tribuendum
1174 3057 1238 3130 est,
1263 3055 1349 3129 quod
1368 3055 1495 3113 saeculo

268 3156 383 3229 quarto
417 3156 552 3212 exeunte
586 3154 813 3229 grammaticus
849 3152 980 3228 quidam
1012 3153 1237 3227 Peripateticae
1269 3152 1421 3227 Scholae,
1460 3155 1495 3210 ut

269 3252 409 3327 videtur,
441 3252 562 3310 assecla
591 3252 803 3311 collectionem
832 3250 970 3310 instituit
997 3250 1264 3326 epigrammatum
1292 3250 1493 3326 potissimum
1572 3239 1574 3242 ¹

268 3351 353 3424 apud
382 3351 553 3425 scriptores
574 3349 759 3423 obviorum,
791 3366 874 3423 quae
895 3350 1024 3422 propter
1046 3351 1272 3424 argumentum
1294 3348 1343 3406 vel
1364 3350 1494 3421 propter

267 3449 404 3506 indolem
437 3447 593 3506 Simonidi
624 3447 739 3506 ascribi
767 3465 862 3522 posse
890 3447 1082 3506 videbantur
1113 3445 1172 3524 (ἐξ
1202 3447 1257 3522 37,
1289 3445 1371 3522 135).
1408 3446 1495 3504 Haec

271 3545 410 3622 ‘Sylloge
443 3543 636 3606 Simonidea'
667 3563 685 3604 a
713 3546 871 3621 Meleagro
899 3548 1047 3619 excerpta
1075 3547 1123 3602 est
1150 3547 1246 3619 atque
1273 3545 1306 3602 in
1336 3545 1493 3604 Coronam

268 3647 406 3719 recepta3
429 3645 461 3702 in
484 3643 575 3702 cuius
597 3642 785 3718 fragmentis
804 3642 909 3700 denuo
926 3644 1073 3716 excerpta
1091 3641 1219 3699 transiit
1236 3659 1309 3700 cum
1327 3641 1360 3699 in
1377 3640 1494 3698 Antho-

266 3744 383 3818 logiam
411 3743 626 3818 Cephalanam
657 3737 861 3817 (Palatinam)
891 3742 959 3798 tum
989 3740 1021 3797 in
1049 3739 1272 3814 Anthologiam
1297 3737 1494 3797 Planudeam

307 3940 346 3996 In
374 3937 537 4012 florilegiis
566 3937 671 3995 autem
700 3936 761 3993 illis
792 3935 973 3994 Simonidea
998 3953 1068 4010 epp.
1089 3936 1119 3993 et
1140 3933 1345 3992 librariorum
1366 3949 1493 4007 excerp-

267 4039 437 4110 torumque
464 4034 644 4108 erroribuS‚
676 4034 786 4108 quales
815 4036 891 4092 sunt
919 4050 1038 4108 pravae
1066 4031 1319 4092 continuationes
1346 4029 1490 4108 (agap.

270 4134 342 4208 179,
372 4134 412 4192 α1.
442 4130 462 4209 §
494 4130 582 4207 100),
614 4133 878 4207 transpositiones
909 4130 984 4208 (eg.
1012 4149 1061 4207 ep.
1091 4131 1163 4208 150,
1195 4132 1233 4191 cl.
1258 4128 1276 4208 ἓ
1300 4128 1368 4207 91),
1400 4129 1494 4188 omis-

268 4231 373 4290 siones
407 4229 459 4307 (cl.
494 4227 512 4306 ξ
545 4228 619 4305 92),
655 4230 857 4288 confusiones
891 4231 1055 4289 nominum
1092 4230 1280 4289 Simonideo
1304 4227 1493 4288 assimiliuru

269 4327 321 4404 (cf.
355 4327 374 4406 ξ
407 4328 444 4387 82
478 4345 509 4385 n.
542 4324 634 4402 103),
669 4327 849 4385 Mnasalcae
880 4329 1072 4386 imitationes
1106 4327 1305 4385 Simonideac
1339 4324 1494 4385 Simonidi

267 4427 438 4486 attributae
471 4422 506 4501 (ξ
540 4424 596 4483 125
628 4422 734 4500 sqq.),
769 4427 799 4482 et
829 4425 1019 4483 coniecturis
1053 4423 1105 4501 (ci.
1139 4421 1157 4500 ξ
1191 4421 1242 4498 92)
1276 4426 1371 4498 atque
1398 4424 1494 4482 inter-

268 4524 481 4599 polationibus
496 4520 522 4598 1)
546 4522 629 4581 hanc
645 4523 678 4581 in
695 4522 830 4581 aliorum
848 4524 1015 4596 poetarum
1030 4520 1268 4596 epigrammatis
1283 4523 1495 4580 exercuerunt

300 4774 323 4838 1)
357 4776 464 4824 Praeter
487 4773 703 4834 interpolationes
726 4773 894 4835 singulorum
919 4773 1091 4822 distichorum
1115 4772 1139 4842 §§
1162 4772 1206 4834 91)
1230 4765 1417 4836 atque'unius
1440 4772 1495 4833 epi-

267 4860 422 4922 grammatis
441 4858 581 4921 paululum
601 4857 735 4904 immutati
755 4857 937 4919 repetitionem
957 4855 981 4918 (ἓ
994 4856 1087 4920 lurp),
1105 4871 1174 4920 quaa
1186 4862 1244 4919 post
1253 4856 1396 4920 Cephalam
1411 4857 1496 4905 factae
