3516 5712
381 532 456 607 oap.
481 530 550 605 111,
576 531 623 589 19.
963 528 1020 588 roc

266 728 271 736 ·
380 735 525 794 gramma
553 719 588 776 ut
616 716 815 791 Philippeum
844 716 876 773 in
906 715 1069 790 Philippea
1091 715 1216 775 Corona
1238 731 1279 773 an
1302 715 1337 773 ut
1359 714 1553 773 Leonideum
1574 714 1605 771 iu

381 816 557 891 Meleagroa
578 814 735 872 invenerit
756 816 866 873 nostra
887 814 1012 880 tantum
1033 813 1182 887 interest,
1206 812 1293 885 quod
1311 811 1352 870 ad
1368 811 1605 887 epigrammatis

381 912 535 987 originem
557 910 810 970 constituendam
833 909 954 968 attinet.

425 1011 492 1068 Hae
518 1009 720 1084 quaestiones
748 1025 849 1082 aeque
876 1008 966 1066 alteri
987 1008 1085 1066 huius
1105 1006 1381 1066 commentationis
1402 1006 1486 1081 parti
1508 1023 1606 1064 reser-

382 1107 488 1166 vanda
510 1108 585 1165 sunt
607 1109 703 1180 atque
723 1123 776 1181 ea,
801 1123 884 1180 quae
905 1108 953 1164 est
973 1105 1013 1164 dc
1033 1105 1097 1163 11δο
1119 1104 1319 1179 Cephalanae
1340 1104 1607 1179 epigrammatum

382 1203 440 1261 344
463 1220 485 1262 a
506 1200 544 1278 1-
566 1201 586 1262 b
607 1201 796 1261 traditionis.
832 1203 874 1262 Ut
896 1219 971 1260 vero
993 1218 1252 1276 commemorem,
1277 1200 1395 1274 quibus
1418 1199 1607 1258 vicissitudi-

383 1301 479 1359 nibus
500 1301 563 1360 iam
584 1303 658 1359 ante
680 1300 851 1375 Cephalum
873 1300 949 1358 haec
967 1317 1038 1374 epp.
1056 1299 1193 1358 obnoxia
1212 1299 1312 1357 luisse
1331 1315 1477 1373 quaeque
1495 1314 1608 1356 causae

383 1399 562 1458 confusioni
589 1398 786 1457 occasionem
813 1398 939 1458 dedisse
960 1396 1144 1471 videantur,
1175 1397 1208 1454 in
1230 1413 1383 1470 praesens
1405 1412 1519 1454 moneo
1540 1411 1608 1453 meo

383 1496 498 1554 iudicio
520 1498 593 1560 aute
615 1496 785 1570 Cephalam
807 1495 898 1554 titulo
920 1497 974 1554 τοῦ
996 1492 1093 1554 αὐτοῦ
1115 1511 1223 1553 011010
1241 1494 1281 1553 ad
1299 1495 1434 1553 alterurn
1451 1493 1608 1552 distichon

384 1593 529 1668 apposito
556 1611 595 1652 ex
623 1611 688 1651 uno
716 1594 944 1670 epigrammate
964 1593 1028 1651 duo
1049 1610 1120 1667 epp.
1143 1591 1215 1668 (344
1238 1609 1260 1651 a
1280 1594 1310 1650 et
1333 1589 1366 1667 5)
1389 1592 1459 1649 orta
1480 1607 1551 1648 esse
1570 1621 1609 1630 -

385 1691 556 1765 Cephalam
585 1692 791 1750 nihilominus
819 1709 878 1766 pro
905 1708 971 1750 uno
999 1690 1226 1766 epigrammate
1250 1707 1287 1748 ea
1309 1691 1511 1763 computasse
1532 1687 1608 1744 vidi·

384 1805 457 1847 mus
488 1806 541 1861 —;
574 1789 633 1848 hoc
665 1806 741 1847 vero
772 1789 911 1847 duorum
942 1787 1152 1846 distichorum
1180 1787 1377 1862 epigramma
1405 1803 1423 1844 a
1452 1785 1609 1860 Meleagro

364 1903 449 1946 non
481 1886 613 1960 petitum
644 1903 715 1944 esse
746 1903 785 1944 ex
819 1885 946 1961 Sylloge
979 1884 1177 1959 Simonidea,
1212 1884 1268 1942 sed
1300 1886 1461 1942 auctorem
1494 1882 1610 1941 hahere

384 1983 587 2058 Antipatrum
609 1981 795 2044 Sidoniam
819 1979 871 2059 (A.
893 1977 1131 2058 ΣΙΔΩΝΙΟΥ,
1156 1983 1195 2040 01.
1219 1980 1238 2059 ξ
1261 1982 1299 2041 82
1321 1999 1353 2040 11.
1375 1978 1462 2056 103);
1485 1980 1609 2039 aculus

384 2081 509 2141 dicendi
536 2082 659 2141 ratione
686 2099 750 2140 non
780 2082 918 2140 alienum
946 2097 1017 2139 esse
1044 2097 1093 2154 ep.
1122 2079 1180 2139 344
1203 2078 1222 2139 h
1245 2079 1361 2156 (nostri
1383 2095 1431 2153 ep.
1452 2077 1609 2135 distichon

385 2178 534 2255 alterum)
556 2181 619 2238 iam
641 2179 864 2238 animadvertit
888 2178 1105 2252 Stadtmiiller,
1130 2177 1186 2252 qui
1207 2194 1283 2236 vero
1304 2194 1352 2251 ep.
1374 2175 1432 2235 344
1451 2192 1474 2235 a
1496 2173 1610 2251 (nostri

385 2295 433 2351 ep.
464 2277 621 2336 distichon
650 2274 754 2351 prius)
787 2276 941 2335 Simonidi
970 2293 1035 2334 non
1063 2275 1267 2334 abiudicavit.
1303 2275 1471 2333 Praeterea
1492 2273 1555 2331 vid.
1576 2271 1610 2330 in

385 2375 438 2432 alt.
464 2374 495 2432 h.
519 2392 545 2432 c.
570 2376 669 2448 parte.
1254 2386 1258 2390 ·

428 2469 447 2547 ξ
470 2471 518 2530 93.
564 2469 614 2530 De
635 2487 685 2546 ep.
707 2468 775 2530 VII.
797 2469 848 2530 20
869 2468 922 2547 (=
942 2469 1013 2530 180
1033 2469 1087 2548 B.)
1110 2487 1133 2530 a
1158 2467 1339 2530 Citerato.
1384 2470 1443 2544 Ep.
1461 2469 1532 2527 VII.
1553 2467 1608 2542 20,

339 2647 343 2655 .
386 2569 472 2642 quod
493 2569 518 2626 Α
540 2569 632 2627 1111110
652 2565 837 2645 Σιμωνίδου
859 2569 1027 2644 instruxit,
1053 2569 1077 2628 O
1098 2568 1224 2626 iteravit
1245 2568 1278 2626 in
1299 2567 1444 2643 margine
1464 2567 1521 2624 inl.
1535 2583 1608 2640 pag.

387 2666 454 2724 cod.
477 2666 543 2724 Pal.
565 2666 623 2726 213
646 2670 718 2740 post
739 2684 786 2741 ep.
806 2667 876 2725 VII.
899 2667 970 2743 37,5
992 2667 1083 2726 1111110
1104 2667 1232 2725 diverso
1253 2663 1428 2725 ἀδέσποτον
1449 2666 1608 2722 ornatum.

387 2764 474 2824 Haec
503 2765 645 2839 repetitio
674 2782 738 2823 non
767 2765 944 2824 Correctori
971 2765 1033 2840 ipsi
1054 2765 1201 2840 debetur,
1233 2765 1288 2822 sed
1310 2763 1454 2823 Michaeli
1477 2762 1611 2822 chartu-

386 2862 482 2937 lario,
516 2864 552 2920 ut
583 2862 814 2921 demonstravit
848 2862 1055 2922 Stadtmiiller
1086 2862 1119 2920 II
1152 2880 1182 2936 p.
1214 2861 1283 2920 XV:
1319 2861 1455 2919 ‘iteravit
1487 2859 1511 2919 O
1538 2876 1608 2933 epp.

385 2958 459 3016 libri
486 2959 546 3018 VII
575 2960 615 3019 ab
643 2960 668 3018 A
696 2960 814 3035 scripta
842 2960 950 3019 decem
978 2958 1044 3035 20,
1077 2960 1113 3018 77
1142 2960 1172 3017 et
1200 2958 1258 3018 516
1289 2956 1412 3034 [dehis
1434 2958 1473 3016 01.
1497 2954 1516 3033 ξ
1539 2953 1609 3032 58],

387 3057 461 3132 364,
490 3057 550 3116 450
577 3057 629 3135 [01.
655 3076 753 3133 supra
779 3077 809 3134 p.
835 3056 905 3135 163]
935 3059 967 3118 01
988 3073 1078 3135 quae
1097 3073 1155 3134 seq
1158 3101 1298 3115 .....
1324 3055 1516 3130 scripsitque
1536 3055 1613 3112 haec

387 3155 493 3213 omnia
521 3155 553 3213 in
581 3173 618 3214 ea
645 3157 761 3216 codicis
790 3160 896 3231 parte,
927 3156 978 3214 cui
999 3155 1251 3214 emendationem
1273 3171 1312 3212 ex
1334 3153 1512 3213 Archivarii
1532 3152 1613 3210 libro

387 3253 548 3328 adhibuit,
583 3271 698 3313 novem
730 3255 837 3329 priora
868 3255 954 3329 ideo,
986 3256 1021 3312 ut
1049 3271 1132 3328 quae
1160 3252 1302 3310 eiusdem
1330 3251 1512 3327 argumenti
1539 3267 1609 3325 epp.

388 3353 437 3410 vel
464 3351 497 3409 in
525 3353 652 3410 eosdem
681 3354 799 3428 scripta
824 3354 968 3412 extarent
989 3352 1022 3410 in
1045 3351 1227 3426 Cephalana
1248 3351 1411 3426 dispersa,
1441 3349 1612 3409 lectoribus

387 3450 495 3508 iuncta
525 3449 803 3525 proponerentur’.
838 3451 979 3508 Titulum
1010 3451 1116 3508 autem
1149 3446 1324 3508 ἀδέσποτον
1356 3449 1424 3507 sive
1452 3447 1612 3508 Michaelis

389 3548 438 3605 vel
470 3547 663 3609 Correetoris
696 3548 911 3624 neglegentiae
942 3548 1010 3605 sive
1040 3547 1068 3606 ei
1100 3548 1161 3622 rei,
1196 3548 1282 3620 quod
1314 3546 1553 3622 epigrammatis
1580 3545 1612 3603 in

390 3644 555 3720 Sophoclis
591 3648 723 3705 mortem
758 3646 864 3720 potius
898 3646 1059 3704 auctorem
1093 3645 1250 3703 incertum
1285 3661 1382 3719 quam
1419 3642 1613 3703 Simonidem

387 3744 580 3820 indicarent,
602 3744 808 3803 tribuendum
826 3760 896 3802 esse
914 3744 1003 3802 docet
1021 3760 1198 3802 consensus
1217 3742 1339 3801 scribae
1356 3742 1382 3799 A
1399 3744 1430 3800 01
1446 3740 1610 3800 Planndis

389 3842 511 3901 Iniuria
532 3843 630 3918 igitur
655 3842 860 3901 Stadtmiiller
881 3841 1010 3899 titulum
1032 3841 1056 3900 (1
1078 3840 1316 3916 epigrammatis
1337 3839 1442 3898 iterati
1464 3839 1613 3914 recipien-

388 3940 466 3998 dum
494 3940 585 3999 duxit
612 3941 646 3998 in
673 3941 777 3998 locum
806 3938 888 3997 tituli
917 3939 1090 4013 Cephalani
1119 3937 1158 4014 (A
1184 3964 1224 3986 =
1249 3935 1331 4013 Pl.),
1362 3937 1417 4012 qui
1439 3937 1481 3995 ad
1504 3953 1612 3995 verum

388 4038 627 4113 epigrammatis
655 4040 780 4112 poetam
808 4037 986 4095 eruendum
1006 4069 1046 4078 —
1067 4037 1270 4110 Antipatrum
1292 4031 1480 4095 Sidoniam
1502 4035 1613 4109 opinor

394 4168 428 4177 -
448 4137 645 4195 occasionem
667 4137 744 4194 dare
764 4136 877 4210 potest.

432 4231 521 4309 ι894.
567 4232 618 4293 Dc
644 4230 878 4309 Anthologiac
904 4230 1090 4293 Palatinae
1112 4229 1200 4292 libro
1222 4230 1317 4291 XIII.
1362 4231 1421 4290 Vix
1442 4231 1613 4306 quisquam

389 4331 483 4390 hodie
504 4334 614 4407 negat,
646 4333 773 4407 opinor,
798 4333 846 4407 id,
872 4332 957 4406 quod
979 4331 1119 4406 primum
1141 4330 1372 4390 demonstravit
1393 4329 1531 4388 Wolters
1554 4330 1610 4388 Rh.

376 4430 472 4498 Mus
500 4429 549 4488 38.
578 4429 654 4488 1883
676 4448 707 4504 p.
731 4429 786 4488 109
809 4447 892 4504 sqq,
924 4429 1139 4504 Cephalanam
1160 4429 1382 4504 Anthologiam
1405 4429 1527 4502 septem
1547 4431 1613 4488 tan·

390 4527 458 4585 tum
472 4528 570 4586 libros
586 4529 781 4603 complexam
796 4545 880 4603 esse,
905 4528 961 4602 qui
975 4527 1181 4586 convenirent
1195 4527 1286 4586 libris
1301 4527 1453 4586 Palatinis
1468 4526 1610 4600 v-vll,

391 4624 559 4701 ΙΧ-ΧΙΙ,
594 4625 712 4701 quibus
744 4625 970 4700 praecessisset
1001 4625 1153 4699 prooemii
1184 4625 1252 4684 vice
1281 4625 1359 4684 liber
1391 4625 1434 4682 IV
1465 4623 1614 4700 Meleagri

391 4722 527 4796 Philippi
557 4724 711 4798 Agathiae
742 4724 902 4799 prooemia
934 4724 1110 4782 continens,
1158 4722 1335 4781 Sternbaeh
1366 4721 1468 4780 Melet.
1500 4721 1556 4781 Gr.
1588 4722 1610 4780 Ι.

391 4819 469 4879 1886
497 4839 527 4895 p.
553 4821 590 4880 18
615 4839 662 4896 sq.
688 4838 766 4880 sane
786 4822 952 4880 oblocutus
974 4822 1022 4880 est
1044 4821 1224 4894 Woltersio;
1255 4820 1309 4879 sed
1332 4819 1428 4877 huius
1451 4820 1512 4877 viri
1534 4818 1613 4879 docti
