3546 5724
410 505 484 583 Cap.
514 495 557 568 ῙῘ.
1002 499 1039 568 66

408 693 603 755 adiunctum.
638 692 718 754 Nam
751 711 946 770 quamquam
979 713 996 755 a
1029 695 1202 756 Corinthiis
1235 692 1303 756 sine
1336 693 1463 758 nomine
1494 695 1633 759 auctoris

407 794 602 871 epigramma
634 796 847 869 propagatum
877 797 941 870 est,
976 793 1181 866 11011ζ111111011
1209 812 1304 870 posse
1333 797 1471 855 vidimus
1501 795 1536 874 (ἓ
1560 797 1630 874 20),

406 895 443 951 ut
464 910 574 952 revera
599 892 778 951 Simonides
799 909 927 950 carmen
943 883 1133 952 condiderit.
1169 894 1311 968 Utraque
1331 897 1438 953 autem
1460 913 1511 954 res
1533 913 1632 954 reser-

407 990 512 1049 vanda
533 993 581 1048 est
602 990 692 1048 alteri
714 989 810 1047 huius
832 989 1105 1050 commentationis
1127 991 1209 1065 parti
1233 990 1285 1066 (ci.
1313 989 1332 1067 5
1356 988 1438 1067 144).

448 1085 467 1162 §
490 1087 538 1146 34.
588 1084 758 1160 Qualibus
784 1085 940 1146 fontibus
970 1085 1136 1147 Collectcr
1160 1105 1245 1148 usus
1271 1086 1328 1148 sit.
1374 1090 1481 1149 Unum
1507 1094 1631 1149 tantum

407 1184 569 1243 vinculum
588 1184 675 1268 deest
692 1184 725 1242 in
742 1185 871 1243 testium
887 1188 1118 1259 auctorumque
1133 1185 1372 1260 epigrammatis
1390 1186 1447 1245 137
1463 1190 1627 1263 contextu,

405 1299 500 1356 quem
532 1299 720 1356 componere
751 1285 885 1342 conatus
917 1300 1000 1341 sum.
1045 1283 1132 1342 Haec
1162 1283 1247 1341 enim
1279 1286 1424 1358 quaestio
1454 1286 1630 1345 dirimenda

405 1382 519 1456 restat,
550 1381 712 1442 undenam
742 1380 895 1440 Collector
923 1381 1078 1456 petiverit·
1095 1381 1335 1456 epigrammatis
1363 1383 1565 1443 traditionem
1587 1387 1627 1459 A,

404 1496 501 1553 quam
530 1481 619 1538 textu
647 1480 872 1537 commutatam
899 1479 932 1536 in
960 1478 1110 1568 Syllogcn
1134 1479 1351 1539 Simonideam
1373 1481 1534 1556 reciperet.
1569 1482 1630 1551 Qui

404 1578 476 1636 lons
491 1577 619 1635 demum
634 1576 768 1635 indicari
782 1577 912 1652 poterit,
931 1595 1002 1636 cum
1018 1577 1050 1635 in
1066 1578 1254 1636 universum
1271 1578 1460 1654 viderimus,
1479 1580 1628 1653 qualibus

404 1674 546 1733 lontibus
568 1673 721 1733 Collector
742 1673 789 1731 uti
811 1674 923 1733 solitus
945 1675 995 1732 sit.

443 1772 509 1831 Viri
536 1771 635 1846 docti,
667 1771 723 1845 qui
750 1772 833 1830 hanc
860 1772 1078 1845 quaestionem
1107 1773 1298 1848 attigerunt,
1331 1773 1535 1833 Collectorem
1557 1794 1629 1835 cum

404 1872 573 1931 Polemone
600 1870 789 1929 Philochoro
818 1869 950 1929 Cratero
977 1871 1145 1947 periegetis
1174 1871 1244 1929 aliis
1266 1872 1517 1946 comparandum
1538 1878 1629 1947 puta-

357 1965 360 1969 ’
403 1972 535 2045 verunt,
559 1969 614 2044 qui
636 1968 802 2028 Graeciam
823 1969 1067 2043 inscriptionum
1090 1967 1339 2045 colligendarum
1361 1987 1459 2029 causa
1480 1988 1628 2047 peragra-

402 2069 488 2128 bant.
514 2068 603 2137 Quae
623 2067 731 2141 opinio
751 2070 817 2125 tam
839 2066 982 2143 vulgaris
1003 2069 1087 2142 erat,
1113 2069 1148 2126 ut
1165 2068 1283 2143 Preger
1299 2085 1338 2126 ex
1354 2085 1390 2127 ea
1407 2068 1628 2128 deducendum

402 2166 462 2225 sibi
487 2166 682 2225 existimaret
706 2165 855 2241 Syllogen
880 2165 1096 2225 Simonideam
1118 2166 1340 2225 concinnatam
1362 2184 1433 2226 esse
1456 2165 1628 2226 Simonidis

401 2262 598 2339 temporibus
626 2265 683 2321 aut
710 2263 800 2321 brevi
829 2265 901 2338 post
928 2265 1062 2322 mortem
1083 2263 1169 2338 eius,
1200 2264 1311 2338 utique
1333 2282 1405 2324 cum
1427 2265 1504 2339 quid
1528 2264 1628 2325 Simo-

401 2361 485 2420 nidis
512 2363 596 2420 esset
624 2360 768 2436 dignosci
796 2362 904 2435 posset
924 2359 975 2436 46).
1010 2361 1090 2420 Nam
1119 2378 1213 2436 aegre
1241 2379 1280 2420 ex
1301 2363 1478 2438 lapidibus,
1509 2365 1628 2438 quibus

401 2477 516 2519 nomen
542 2461 653 2534 poetae
678 2476 743 2518 non
764 2462 849 2517 esset
869 2459 1021 2534 incisum,
1053 2459 1298 2535 epigrammata,
1329 2463 1499 2535 postquam
1522 2465 1627 2522 aucto·

400 2557 478 2616 ritas
509 2557 578 2616 eius
609 2557 642 2614 in
673 2557 865 2616 oblivionem
896 2557 1052 2633 venisset,
1086 2559 1231 2633 conquiri
1258 2559 1401 2633 potuisse
1428 2560 1623 2634 perhibebat.

400 2655 489 2724 Quae
510 2655 671 2715 conclusio
692 2657 757 2714 tam
779 2655 914 2730 simplex
934 2659 998 2732 est,
1023 2659 1141 2715 utnon
1160 2657 1284 2716 mireris
1299 2657 1394 2716 etiam
1408 2659 1481 2731 post
1496 2659 1626 2718 Kaibelii

402 2751 508 2828 (GGA.
534 2753 611 2812 1892
633 2772 663 2829 p.
685 2754 723 2813 96
746 2750 810 2829 sq.)
834 2754 1061 2814 Wilamowitzii
1086 2753 1220 2831 (Oomm.
1246 2772 1276 2829 p.
1296 2753 1328 2830 5)
1352 2755 1487 2814 aliorum
1505 2773 1625 2832 oppug-

400 2851 544 2910 nationes
560 2852 734 2928 Pregerum
748 2870 819 2911 eam
835 2853 966 2911 missam
982 2852 1086 2912 tacere
1101 2852 1242 2911 noluisse
1259 2842 1388 2929 (NPhR.
1404 2853 1481 2912 1897
1493 2872 1523 2929 p.
1541 2852 1622 2930 130).

399 2948 469 3006 Non
491 2950 597 3007 autem
618 2949 699 3009 falsa
721 2953 789 3010 erat
809 2950 986 3025 conclusio,
1012 2950 1068 3008 sed
1086 2950 1348 3026 fundamentum,
1373 2968 1438 3025 quo
1453 2951 1621 3011 nitebatur.

398 3046 453 3104 Vel
481 3039 537 3122 eo,
572 3048 659 3121 quod
687 3047 769 3106 inter
799 3047 981 3118 Simoniden
1009 3047 1158 3106 feruntur
1186 3049 1231 3106 tot
1258 3048 1509 3125 epigrammata,
1544 3067 1625 3125 quae

399 3162 575 3219 numquam
603 3145 700 3219 lapidi
727 3145 881 3220 inscripta
909 3145 1010 3204 inisse
1038 3145 1201 3221 videntur,
1236 3145 1475 3207 demonstratur
1497 3149 1624 3224 Pregeri

399 3243 587 3302 sententiam
616 3243 803 3303 reiciendam
832 3261 912 3302 esse.
947 3245 1055 3302 Unum
1082 3244 1280 3318 epigramma
1304 3242 1408 3320 (138),
1441 3246 1527 3319 quod
1549 3247 1623 3305 cele·

397 3340 536 3400 berrimo
557 3342 751 3401 Graecorum
772 3342 916 3402 omnium
938 3341 977 3400 de
998 3341 1105 3400 Persis
1127 3342 1260 3401 donario
1278 3343 1428 3418 Delphico
1447 3344 1623 3403 Pausanias

398 3441 564 3517 privatim,
588 3443 741 3515 quaerat
764 3440 931 3516 superbia,
955 3440 1086 3499 inscribi
1108 3441 1262 3516 iusserat,
1286 3441 1416 3500 omnino
1431 3459 1495 3499 non
1511 3441 1544 3500 in
1560 3459 1622 3501 cre·

397 3539 504 3613 pidine
524 3539 628 3615 legere
649 3539 751 3613 potuit
773 3538 940 3611 Oollcctor3
965 3556 1040 3597 nam
1061 3535 1095 3596 τὸ
1115 3535 1174 3616 μὲν
1192 3535 1250 3598 obv
1267 3535 1400 3615 ἐλεγεῖον
1418 3537 1449 3598 ot
1467 3536 1622 3599 Λακεδαι-

396 3633 501 3713 μόνιοι
522 3633 720 3714 ἐξεκόλαψαν
741 3633 839 3703 εὐθὺς
859 3633 927 3696 τότε
948 3633 1012 3696 ἀπὸ
1034 3639 1088 3695 1οὗ
1110 3634 1257 3713 τρίποδος
1278 3639 1369 3696 τοῦτο
1390 3638 1489 3696 Τ11110.
1508 3638 1534 3696 1.
1555 3638 1619 3698 132.

398 3735 457 3794 His
485 3753 613 3810 quoque
640 3735 734 3794 annis
765 3733 871 3812 (1894)
894 3753 912 3794 a
935 3735 1153 3811 Francogaliis
1176 3735 1305 3810 Delphis
1326 3735 1445 3794 effossa
1467 3739 1515 3794 est
1536 3736 1622 3794 basis

396 3833 536 3910 donarii,
571 3835 657 3908 quod
690 3837 761 3909 post
796 3851 938 3909 pugnam
974 3833 1176 3892 Himeraeam
1205 3833 1282 3893 Gelo
1312 3834 1461 3908 Delphico
1487 3833 1622 3908 Apollini

395 3932 568 4008 dedicavit,
599 3933 632 3990 in
660 3951 724 4007 qua
751 3935 858 3991 tamen
886 3950 950 3990 non
978 3933 1094 4008 legitur
1121 3931 1318 4007 epigramma
1346 3931 1401 3989 141
1427 3929 1526 4007 (quod
1549 3948 1621 3990 ano·

396 4049 529 4107 nymum
550 4031 583 4088 in
605 4033 686 4090 trad.
712 4031 737 4089 A
757 4030 920 4088 invenitur
941 4031 973 4089 in
991 4030 1095 4089 Schol.
1111 4030 1201 4088 Pind.
1217 4031 1251 4088 P.
1267 4030 1292 4088 I.
1309 4029 1376 4105 155,
1404 4028 1621 4088 Simonideum

395 4129 427 4186 in
449 4129 531 4187 trad.
558 4126 579 4187 S
603 4128 663 4186 ΑΡ.
683 4129 736 4186 111.
761 4127 836 4203 214,
861 4128 901 4186 01.
928 4126 971 4206 §5
997 4128 1049 4203 76,
1076 4128 1142 4204 101,
1168 4126 1242 4203 138,
1269 4123 1357 4202 139),
1383 4128 1438 4186 sed
1456 4127 1622 4203 inscriptio

395 4245 490 4303 prosa
518 4227 661 4286 oratione
686 4227 837 4286 coniecta.
871 4227 994 4286 Iniuria
1016 4226 1076 4285 viri
1098 4227 1180 4286 docti
1203 4226 1407 4286 Collectorem
1429 4225 1621 4300 periegetam

394 4326 494 4384 inisse
522 4325 733 4384 crediderunt.
766 4325 946 4401 Periegctac
973 4325 1057 4384 enim
1083 4324 1322 4398 inscriptiones,
1347 4340 1568 4398 quaecumque
1589 4324 1619 4380 in

394 4441 510 4484 manus
529 4427 698 4499 venerant,
720 4423 753 4481 in
768 4424 981 4482 collectionem
997 4440 1089 4481 suam
1105 4421 1307 4497 recipiebant.
1333 4421 1500 4481 Contraria
1515 4423 1620 4479 autem

394 4525 474 4583 ratio
500 4522 701 4582 observanda
727 4524 811 4598 erat,
841 4523 868 4582 si
889 4523 961 4597 quis
983 4522 1085 4581 certi
1107 4524 1251 4597 poetae
1272 4521 1539 4596 epigrammatum
1561 4519 1620 4578 col·

393 4622 558 4682 lectionem
585 4622 743 4681 adornare
770 4622 925 4697 cupiebat.
972 4622 1006 4679 Is
1035 4638 1099 4680 non
1120 4623 1217 4680 totam
1239 4620 1404 4680 Graeciam
1425 4617 1620 4692 perscrutari

425 4827 459 4890 46)
496 4829 533 4878 cf.
553 4830 632 4878 etiam
653 4828 735 4877 llilier
753 4843 775 4892 p.
794 4828 885 4878 24511.
904 4827 943 4878 33,
