3516 5712
482 481 558 558 oap.
583 481 651 558 111,
678 482 732 558 10,
759 481 805 542 11.
1068 479 1124 542 ια

481 665 585 730 ἑνικὸν
616 670 745 746 πρῶτον
775 665 952 746 πρόσωπον
982 666 1061 728 κατὰ
1093 666 1146 728 τὸν
1177 666 1272 728 αὐτὸν
1299 667 1418 748 χρόνον
1444 667 1553 748 ὁρᾶται
1581 674 1646 748 πρά

480 764 657 845 πρόσωπον
684 765 790 826 ἑνικοῦ
818 763 871 826 καὶ
899 765 999 844 τρίτον
1020 765 1126 826 ἑνικοῦ
1147 765 1200 826 καὶ
1220 770 1349 846 πρῶτον
1370 766 1423 828 καὶ
1444 767 1544 846 τρίτον
1565 767 1646 848 πληί

481 869 584 934 τικοῦ,
615 863 661 924 ὅτι
691 863 736 944 μὴ
768 861 870 942 μόνον
899 862 934 924 τὸ
967 861 1020 943 ἦν.
1064 861 1108 943 ἦν
1130 863 1191 943 γάρ
1211 863 1276 943 ἐγὼ
1293 863 1423 926 Ἀττικοὶ
1443 864 1568 944 λέγουσι
1590 865 1645 926 καὶ

481 961 617 1030 ἐκεῖνος·
638 960 692 1022 καὶ
712 961 936 1040 πληθυντικῶς
956 960 1195 1042 Σιμωνίδης
1215 961 1265 1022 ε’πὶ
1286 967 1341 1024 τοῦ
1361 962 1492 1042 πρώτου
1513 964 1646 1042 προοώτ

481 1059 528 1128 ὡς
557 1059 611 1121 καλ
638 1059 678 1120 ἒν
705 1059 1011 1139 ἐπιγράμμασιν
1041 1059 1103 1136 (ep.
1129 1060 1221 1136 165)·
1255 1057 1310 1139 ίἦν
1338 1059 1450 1122 ἑκατὸν
1477 1061 1607 1142 φιάλαι,
1641 1088 1646 1120 ι

480 1156 594 1237 σφίσιν
616 1155 681 1219 ἀντὶ
707 1156 768 1236 γὰρ
794 1161 848 1218 τοῦ
875 1155 975 1236 ἦμεν
1001 1155 1055 1236 ἦν.
1090 1160 1176 1218 Fons
1199 1160 1389 1235 Herodicum,
1418 1161 1545 1237 opinor,
1576 1162 1644 1220 indi

481 1260 584 1334 potest
611 1259 794 1332 comparata
821 1250 929 1333 glossa
954 1256 1107 1332 Stephani
1130 1258 1276 1332 Byzantii
1294 1255 1516 1336 Ἀκαμάντιον,
1549 1277 1646 1334 quam

481 1356 702 1415 HerodIauum
723 1371 888 1414 recurrere
908 1354 1139 1414 demonstravit
1162 1356 1258 1414 Lentz
1282 1354 1350 1432 (qui
1372 1357 1412 1415 de
1432 1357 1620 1416 Herodiano
1644 1363 1646 1413 l

480 1453 578 1528 phani
606 1453 694 1512 fonte
720 1452 896 1528 disputavIt
925 1453 940 1510 Ι
969 1470 1000 1528 p.
1026 1453 1181 1512 CXXXVI
1204 1451 1292 1529 sqq.)
1321 1471 1483 1530 quamque
1511 1456 1646 1514 restituit

481 1551 602 1611 Cathol.
633 1551 765 1610 Prosod.
790 1551 902 1626 capitis
923 1551 1030 1625 quarti
1052 1568 1223 1626 canonem,
1247 1552 1303 1626 qui
1324 1553 1510 1612 inscribitur
1532 1551 1570 1611 τὰ
1593 1551 1635 1618 εἰς

479 1646 702 1725 πολυσύλλαβα
733 1670 751 1708 ν
780 1645 845 1725 πρὸ
875 1651 930 1707 τοῦ
962 1670 977 1706 τ
1007 1647 1118 1726 ἔχοντα
1148 1647 1194 1727 μὴ
1226 1648 1442 1728 παρακείμενα
1473 1654 1536 1716 τοῖς
1569 1649 1613 1716 είς
1645 1675 1646 1680 “

480 1745 620 1817 ὀξύνεται
637 1745 681 1823 (p.
708 1746 781 1823 104,
804 1743 874 1821 32):
899 1743 1016 1823 λέγεται
1038 1743 1072 1805 δὲ
1087 1743 1330 1823 Ἀκαμαντίς
1351 1744 1398 1814 ὡς
1415 1744 1586 1818 Βυζανιίς,
1609 1746 1646 1807 οὕ

480 1843 617 1905 ἐκαλεῖτο
648 1843 667 1923 ἡ
699 1841 842 1921 Κάπρος.
887 1840 1070 1921 Παρθένιος
1092 1841 1121 1903 δ’
1140 1842 1173 1903 ἕν
1190 1841 1359 1923 Ἀφροδίτῃ
1377 1841 1592 1922 Ἀκαμαντίὸα
1614 1843 1646 1903 αἱ

480 1960 595 2023 φησιν·
622 1940 759 2003 ἐκαλεῖτο
784 1939 838 2001 καὶ
863 1939 966 2020 φυλὴ
989 1939 1230 2019 Ἀκαμαντίς
1255 1946 1309 2021 τῆς
1325 1940 1478 2021 Ἀττικῆς,
1508 1940 1557 2010 ὡς
1579 1940 1646 2020 Σιι

479 2040 603 2121 νίὸης.
628 2041 750 2109 Quodsi
772 2043 856 2100 recte
876 2040 1026 2098 viderunt
1048 2040 1107 2098 viri
1129 2040 1211 2099 docti
1235 2039 1434 2115 Stephanum
1458 2041 1646 2118 (Herodian

481 2143 624 2216 spectare
649 2156 778 2198 versum
805 2137 944 2212 primum
973 2135 1119 2213 (πολλάκι
1145 2134 1184 2216 δὴ
1212 2134 1341 2216 φυλῆς
1362 2135 1646 2216 Ἀκαμαντίδαι

479 2241 620 2318 χοροῖσιν
641 2231 733 2314 Ὧραι
760 2233 841 2311 κτλ.)
872 2236 1111 2310 epigrammatis
1141 2235 1215 2311 148,
1246 2237 1333 2311 quod
1354 2237 1416 2294 ΑΡ.
1441 2237 1532 2295 XIII.
1558 2238 1598 2296 28
1620 2237 1646 2294 ti

480 2336 630 2411 ambiguo
665 2330 869 2412 Βακχυλίδου
904 2333 923 2411 ἢ
956 2329 1195 2411 Σιμωνίδου
1226 2337 1375 2394 ornatum
1407 2338 1455 2394 est
1474 2335 1534 2411 57),
1575 2337 1646 2394 alter

480 2434 676 2509 acquirimus
707 2432 925 2491 Simonideum
954 2431 994 2490 ab
1016 2433 1200 2491 Herodiano
1222 2434 1401 2507 laudatum;
1430 2433 1517 2509 quod
1539 2452 1581 2494 ex
1601 2451 1646 2492 eo<

479 2531 567 2591 fonte
587 2531 741 2589 haustum
762 2547 833 2589 esse
853 2532 950 2605 atque
970 2547 1018 2604 ep.
1041 2531 1097 2590 165
1119 2531 1284 2606 probabile
1304 2535 1361 2590 est.
1386 2531 1545 2600 Quoniam
1570 2533 1633 2591 iam

480 2647 514 2688 sc
542 2634 791 2688 consentaneum
819 2631 867 2687 est
895 2629 1140 2703 grammaticum
1167 2629 1201 2688 In
1229 2630 1368 2690 Graecae
1388 2630 1534 2690 dictionis
1556 2647 1646 2689 exem

479 2727 632 2804 eligendis
667 2744 764 2785 usum
798 2743 889 2801 esee,
926 2726 1012 2801 quod
1047 2726 1087 2785 ad
1122 2727 1351 2802 epIgrammata
1383 2728 1513 2798 attinet,
1551 2728 1646 2803 epigr

479 2826 601 2885 matum
632 2825 829 2900 collectione,
865 2823 1047 2883 SImonidea
1079 2824 1143 2883 duo
1174 2842 1214 2884 ex
1245 2825 1411 2884 corollario
1442 2826 1585 2900 quodam
1614 2842 1645 2900 pr

479 2942 550 2983 esse
578 2924 742 3000 videntur,
773 2924 806 2981 in
834 2940 899 2998 quo
920 2924 1084 2998 complura
1105 2923 1336 2999 epigrammata
1357 2925 1467 2998 poetae
1488 2926 1602 2982 nostro
1623 2937 1645 2980 al

478 3023 556 3082 buta
583 3023 774 3098 legerentur.
810 3020 891 3081 Cum
919 3023 1026 3080 autem
1054 3038 1102 3096 ep.
1130 3020 1186 3081 148
1214 3021 1247 3080 in
1278 3021 1406 3098 Sylloge
1435 3019 1645 3081 Simonideai

479 3138 543 3179 non
571 3121 687 3179 lectum
715 3137 785 3179 esse
813 3121 922 3180 doceat
943 3120 1056 3179 tltulus
1077 3119 1196 3178 dubius
1221 3117 1273 3194 (cf.
1302 3117 1320 3196 ξ
1344 3117 1415 3195 96),
1447 3115 1645 3178 constituent

478 3223 526 3279 est
554 3219 765 3279 collectionem
794 3219 969 3279 adhibitam
997 3219 1037 3278 ab
1067 3218 1250 3277 Herodiano
1278 3218 1379 3276 fulsse
1407 3217 1566 3276 Coronam
1599 3217 1644 3274 Me

479 3318 527 3394 gri
548 3314 600 3392 58).
642 3315 703 3384 Qui
724 3335 764 3376 ex
784 3335 849 3393 quo
870 3318 957 3376 fonte
977 3316 1179 3377 arcessiverit
1200 3334 1248 3392 ep.
1275 3315 1332 3376 148
1354 3314 1500 3390 —quod
1521 3332 1560 3373 ex
1585 3313 1644 3374 Cor

478 3415 605 3473 transiit
638 3415 672 3472 in
707 3415 930 3491 Anthologiam
965 3449 1023 3490 -‚
1061 3417 1239 3490 exponetur
1269 3414 1313 3472 l.l.
1359 3413 1417 3488 Ep.
1454 3412 1511 3473 165
1547 3417 1644 3472 utrun

479 3514 637 3589 Meleagro
665 3530 703 3571 ex
733 3512 861 3589 Sylloge
883 3514 1015 3588 petitum
1038 3513 1141 3571 sitan
1163 3529 1330 3588 perperam
1352 3511 1384 3569 in
1408 3512 1533 3571 Corona
1556 3513 1643 3586 adepl

479 3612 519 3670 alt
553 3611 767 3671 Simonideam
799 3611 1035 3687 auctoritatem,
1070 3610 1177 3668 dirImi
1206 3613 1292 3670 vetat
1319 3609 1559 3686 epigrammatis
1594 3609 1643 3668 mia

478 3709 629 3769 condicio.
654 3707 723 3786 [De
741 3707 878 3781 duobus
895 3705 1161 3786 epigrammatis
1182 3704 1422 3767 θαλλίινιαολιοίε
1440 3702 1643 3785 (Καλλίμαχο1

478 3805 725 3885 ἐπιγράμμασιν)
756 3806 799 3867 ab
830 3803 1037 3866 Herodiano
1066 3803 1194 3882 (Stcph.
1227 3803 1323 3883 Byr.)
1353 3802 1526 3880 laudatio,
1558 3821 1643 3881 ριιον

478 3905 628 3967 alteram
650 3903 756 3967 ctiam
779 3904 878 3965 adest
898 3901 936 3963 ι’νι
960 3901 1049 3979 AR,
1073 3901 1215 3964 uideant
1237 3887 1376 3964 lectores
1397 3901 1628 3979 oddcadcml.

478 4051 637 4060 -ι

510 4137 545 4200 5⁷)
580 4138 763 4188 Schneidewin
777 4153 799 4200 p.
812 4135 877 4200 195,
892 4137 993 4200 Bergk,
1006 4136 1059 4186 aiii.
1073 4135 1252 4185 Herodianum
1266 4140 1370 4199 poetam
1383 4106 1639 4199 epigrammatograp

477 4225 607 4274 notiorem
622 4223 733 4286 elegisse
749 4222 895 4285 putemne,
914 4221 1096 4272 Schneidewin
1112 4222 1183 4270 enim
1197 4221 1294 4270 iniuria
1307 4220 1452 4269 arbitratus
1464 4226 1504 4269 est
1516 4216 1641 4283 ‘litem,q

476 4308 610 4371 inscriptio
628 4307 723 4356 codIcis
741 4307 854 4356 Palatini
873 4311 1003 4370 moveret,
1021 4305 1146 4355 dirimere
1164 4305 1353 4369 Stephanum';
1376 4305 1461 4369 Bergk
1479 4310 1573 4355 contra
1592 4305 1639 4352 linc

387 4413 390 4420 ·
476 4392 557 4441 iidem
581 4396 684 4454 poetam
709 4405 765 4440 esse
786 4391 860 4441 dixit.
887 4391 967 4441 Hodie
985 4395 1088 4440 constat
1107 4395 1233 4439 neutrum
1252 4404 1309 4438 esse
1327 4394 1446 4452 poetam,
1469 4390 1513 4439 sed
1534 4391 1641 4452 Antiger

477 4476 567 4540 quiin
586 4477 702 4526 carmine
721 4481 944 4525 commemoretur
961 4474 1150 4539 (Wilamowitz
1169 4475 1257 4523 Herm.
1276 4472 1316 4523 20.
1334 4472 1367 4522 6⁴1
1385 4471 1461 4537 squ).

510 4558 545 4621 58)
580 4560 616 4609 lix
645 4561 736 4610 eadem
766 4559 867 4611 Corona
898 4563 1010 4625 petitum
1038 4561 1142 4610 videtur
1168 4560 1330 4622 epigramma
1355 4558 1492 4608 cuiusdam
1520 4559 1640 4608 Philiada

477 4646 663 4709 Thespienses,
687 4645 718 4694 de
742 4660 795 4710 quo
820 4647 872 4696 dixi
896 4645 959 4708 §14
983 4643 1072 4708 1123,
1096 4645 1220 4708 Stephan.
1246 4659 1266 4694 s.
1285 4659 1308 4694 v.
1326 4638 1455 4706 Θέσπεια,
1480 4639 1569 4706 ‘quem
1588 4641 1640 4692 cxl

477 4730 579 4782 Cathol.
597 4727 665 4792 [libr.
681 4728 727 4793 Xl]
748 4731 866 4780 hausisse
884 4732 1049 4780 demonstrat
1066 4729 1136 4779 lliac.
1153 4729 1222 4778 Pros.
1238 4725 1264 4776 B
1278 4726 1328 4776 498
1345 4725 1495 4790 [Herodian.
1508 4728 1540 4777 ll.
1553 4727 1598 4792 84,
1613 4725 1640 4776 ih

477 4816 558 4866 Lenta
578 4815 609 4865 ud
628 4814 786 4882 1.280‚18.
