3516 5712
764 518 820 578 127
1313 517 1332 596 a
1357 519 1404 580 75.

178 725 307 768 necesse
341 709 404 781 est,
440 707 590 781 quoniam
620 706 843 782 Ps.·liristippi
871 705 967 780 liber,
1000 705 1055 782 qui
1083 708 1152 764 erat
1178 702 1249 781 περὶ
1274 703 1409 772 παλαιᾶς

177 810 346 885 τρυφῆς,
374 823 493 880 uuum,
524 805 653 880 opinor,
685 805 828 863 exhibuit
856 822 904 879 ep.
934 803 967 863 in
990 803 1191 878 Empedoclis
1213 803 1404 879 amasium,

178 921 282 978 neque
309 919 441 962 curasse
467 904 592 962 videtur
613 904 718 962 iocum
740 904 987 978 Empedocleum
1008 902 1041 962 in
1064 903 1230 961 Acronem.
1262 903 1407 962 Attamen

179 1019 242 1060 non
275 1001 439 1076 suffragor
466 1001 722 1076 WilamowitziO,
754 1034 793 1041 —
821 1018 917 1074 quem
945 1000 1091 1074 sequitur
1121 999 1282 1060 Susamihl
1310 1002 1344 1060 A.
1370 1002 1404 1060 L.

178 1100 204 1158 I.
229 1099 289 1158 326
316 1116 347 1158 u.
373 1099 411 1158 84
438 1131 493 1174 --,
525 1099 579 1173 qui
608 1099 713 1175 Antig.
738 1098 811 1157 (lar.
837 1115 867 1172 p.
892 1098 930 1157 52
958 1097 1076 1157 iudicat
1107 1097 1260 1174 Satyrum
1288 1099 1404 1174 tuisse,

178 1199 229 1257 cui
244 1197 455 1274 Aristippeum
471 1197 614 1256 notitiam
629 1196 742 1256 debeat
758 1197 924 1271 Diogenes.
947 1196 994 1253 Ad
1009 1214 1105 1271 quam
1121 1196 1302 1271 opinionem
1318 1197 1407 1255 reiel-

177 1297 304 1355 lendam
325 1297 386 1354 viri
408 1295 525 1355 summi
539 1293 713 1369 disputatio
727 1295 890 1370 praeclara
905 1294 944 1353 de
958 1293 1039 1353 libro
1053 1291 1125 1370 περὶ
1138 1291 1272 1360 παλαιᾶς
1287 1299 1408 1374 τρυφῆς

180 1392 269 1470 (inde
295 1412 313 1453 a
335 1413 366 1470 p.
390 1391 443 1468 48)
466 1394 604 1468 amplam
626 1393 756 1468 praebet
777 1392 951 1452 materiem.
983 1394 1032 1450 Ex
1052 1394 1113 1452 hoc
1134 1394 1218 1452 enim
1239 1393 1320 1452 libro
1342 1411 1406 1468 ps·

178 1492 357 1567 nasappeo
378 1493 503 1566 praeter
525 1491 555 1548 n.
580 1491 600 1548 1.
625 1491 742 1566 septies
759 1489 800 1567 (1.
818 1490 871 1566 ec,
897 1492 940 1549 11.
959 1491 1014 1566 23,
1039 1490 1093 1566 48,
1107 1465 1180 1549 tir.
1198 1490 1254 1566 ae,
1279 1492 1330 1550 1v.
1350 1492 1404 1567 re,

178 1591 213 1649 V.
238 1590 273 1664 3,
298 1587 350 1665 39)
375 1589 530 1663 Diogenes
552 1589 815 1664 philosophorum
837 1605 962 1648 amores
984 1591 1121 1648 testatur
1143 1605 1247 1664 neque
1268 1589 1414 1664 usquam'

178 1689 311 1762 apparet
338 1687 428 1745 illum
456 1704 492 1745 eo
521 1705 577 1762 per
607 1687 759 1763 Satyrum
780 1704 878 1746 usum
899 1705 979 1746 esse.
1011 1687 1113 1761 Atque
1134 1688 1213 1746 adeo
1234 1688 1316 1748 inter
1337 1690 1407 1748 illos

178 1786 264 1844 locos
279 1802 366 1843 unus
380 1787 429 1843 est
444 1785 506 1844 III.
524 1784 562 1843 29
577 1785 640 1843 iam
654 1786 800 1845 consulto
815 1803 834 1844 a
849 1803 899 1843 me
913 1785 945 1843 in
964 1782 983 1861 ξ
1000 1786 1144 1859 praeced.
1162 1787 1334 1861 tractatus,
1352 1787 1407 1861 qui

179 1885 289 1942 nostro
310 1885 358 1941 est
380 1883 567 1942 consimilis:
590 1883 642 1941 illo
663 1883 731 1942 loco
754 1880 1020 1960 epigrammatis
1043 1881 1094 1959 (ex
1116 1899 1187 1943 uno
1209 1884 1306 1960 igitur
1326 1885 1407 1944 libro

178 2001 210 2039 π.
234 2002 267 2038 π.
292 2001 337 2057 τρ.
363 1978 482 2056 petitis)
506 1980 647 2039 Platonis
668 1981 702 2039 in
723 1981 835 2040 Astera
857 1998 946 2039 amor
967 1979 1157 2040 illustratur.
1189 1982 1302 2055 Itaque
1322 1982 1407 2039 ArIs·

177 2079 302 2152 tippum
331 2096 395 2136 non
423 2097 462 2137 ex
493 2078 609 2154 Satyro
629 2079 740 2138 laudat
763 2079 929 2153 Diogenes,
955 2078 1064 2152 Neque
1088 2078 1240 2154 Satyrum
1262 2097 1301 2137 ex
1322 2080 1407 2137 Aris·

178 2176 330 2252 tippolll).
360 2177 440 2235 Nam
462 2177 637 2251 quominus
659 2177 718 2235 hoc
739 2176 950 2251 accipIamuS,
975 2194 1039 2234 non
1061 2178 1127 2234 tam
1148 2177 1253 2235 obstat
1274 2178 1407 2236 chrono-

178 2274 260 2348 logia
292 2308 331 2316 —
363 2293 446 2349 quae
476 2276 595 2334 incerta
627 2277 676 2334 est
696 2273 736 2346 91)
769 2309 807 2318 -
841 2292 939 2349 quam
971 2275 1057 2348 quod
1088 2274 1224 2349 Satyrus
1252 2275 1345 2334 etiam
1374 2276 1405 2334 iu

178 2371 247 2430 aliis
277 2372 374 2430 rebus
404 2371 457 2449 (ct.
489 2391 520 2432 n.
552 2371 604 2448 89)
638 2376 748 2431 auctor
778 2373 910 2448 Diogeni
939 2373 1008 2431 iuit.
1044 2372 1131 2447 Ergo
1159 2389 1209 2448 cp.
1235 2371 1272 2431 ia
1302 2371 1429 2454 Pctus.v

179 2469 336 2544 Diogenes
357 2470 390 2528 in
412 2470 597 2530 auctoribus
619 2471 687 2528 suis
709 2469 759 2528 bis
781 2470 917 2528 invenit:
940 2470 973 2527 in
997 2470 1219 2545 Ps.-Aristippi
1240 2471 1321 2529 libro
1337 2469 1408 2548 arpi

178 2563 313 2632 παλαιᾶς
341 2571 478 2646 τρυφῆς,
510 2584 549 2626 ex
577 2585 641 2643 quo
666 2569 706 2627 de
727 2568 938 2643 complurium
961 2568 1223 2643 philosophorum
1244 2569 1409 2627 amoribus

178 2665 402 2724 annotationes
424 2665 550 2741 pctiVIt,
575 2669 671 2740 atque
691 2667 724 2724 in
747 2667 934 2725 Heraclidae
956 2666 1064 2726 Lembi
1086 2667 1232 2741 EpItome
1255 2667 1405 2744 Satyrea,

179 2780 261 2836 quae
282 2763 310 2821 ei
332 2763 554 2822 annotationes
575 2763 726 2837 praebuit
744 2763 783 2822 de
804 2764 869 2822 vita
892 2764 1101 2838 Empedoclea
1112 2762 1167 2840 92);
1192 2781 1242 2840 cp.
1267 2762 1305 2822 ia
1327 2761 1404 2823 Aer.

179 2863 284 2919 autem
307 2861 474 2920 arcessivit
495 2878 534 2919 ex
556 2879 621 2920 una
643 2862 798 2936 Epitome.

219 2959 302 3017 Fieri
331 2977 396 3018 non
425 2962 543 3034 potest,
575 2962 610 3018 ut
641 2959 779 3035 Satyrus
808 2960 931 3036 prImus
952 2960 985 3017 ln
1009 2960 1072 3018 vita
1095 2960 1295 3034 Empedoclis
1316 2977 1407 3019 cnar-

180 3056 280 3114 randa
309 3057 374 3114 duo
401 3057 453 3116 illa
482 3074 552 3133 epp.
584 3058 760 3132 protulerit.
791 3058 871 3116 Nam
902 3057 1055 3116 Collector
1083 3058 1146 3116 iam
1174 3058 1342 3116 coniuncta
1371 3077 1407 3118 ca

179 3155 345 3215 invenerat
367 3155 613 3230 Empedoclique
633 3156 806 3230 assignata.
832 3155 902 3223 Qua
924 3155 963 3214 de
984 3173 1080 3214 causa
1096 3156 1128 3214 in
1145 3157 1407 3231 philosophorum

180 3252 358 3327 biographo
385 3253 539 3328 scriptore
566 3253 673 3327 quarti
695 3254 812 3312 saeculi
836 3253 875 3329 (e.
901 3271 931 3328 g.
956 3254 989 3312 in
1012 3255 1180 3313 Heraclida
1204 3253 1347 3330 Pontico)
1371 3274 1407 3314 ca

180 3350 241 3408 iam
263 3352 509 3410 commemorata
538 3351 639 3410 iuisse
660 3351 847 3426 conIecerIS,
872 3368 911 3409 ex
933 3355 1004 3424 quo'
1015 3353 1216 3412 manaverint
1237 3355 1267 3411 et
1288 3353 1320 3409 in
1339 3352 1408 3426 Syl·

180 3448 271 3523 logen
296 3447 512 3507 Simonideam
533 3451 563 3507 et
584 3449 616 3508 in
641 3450 794 3525 Satyrum
815 3453 846 3508 et
867 3450 900 3507 in
923 3449 1147 3525 Pe.·Aristippi
1167 3450 1318 3508 libellum.

180 3630 224 3684 καὶ
242 3632 390 3698 τραγῳδίας
407 3631 487 3684 αὐτὸν
503 3632 606 3700 γράψαι
624 3631 670 3685 καὶ
687 3632 846 3690 πολιτικούς.
873 3633 1102 3700 Ἡρακλείδης
1120 3631 1150 3684 δὲ
1167 3632 1182 3681 ὁ
1199 3639 1245 3682 τοῦ
1263 3632 1407 3698 Σαραπίω-

181 3735 223 3773 νος
240 3717 283 3782 (ir.
302 3716 348 3780 id.)
366 3715 456 3782 ἑτέρου
474 3716 556 3784 φησὶν
573 3715 638 3769 εἶναι
657 3717 701 3774 τὰς
719 3717 874 3785 τραγῳδίας.
899 3721 963 3771 Ibid.
982 3717 1048 3784 φησὶ
1066 3715 1096 3768 δὲ
1113 3716 1270 3782 Σάτυρος
1287 3715 1320 3766 ἐν
1338 3725 1408 3774 τοῖς

183 3801 277 3859 Βίοις
301 3803 345 3865 (lc.
363 3804 409 3868 la,
434 3805 507 3855 FHG.
532 3807 576 3855 III.
599 3805 660 3866 163)
683 3803 722 3853 ὅτι
747 3801 793 3855 καὶ
818 3802 906 3868 ἰατρὸς
929 3801 1026 3869 ἦνκαὶ
1044 3801 1135 3868 ῥήτωρ
1153 3800 1265 3866 ἄριστος.
1292 3804 1357 3852 VIII.
1376 3805 1408 3852 uu

182 3885 271 3938 τοῦτόν
294 3888 443 3952 (Gorgiam)
467 3906 548 3953 φησιν
572 3886 588 3936 ὁ
609 3887 765 3953 Σάτυρος
783 3891 825 3952 (fr.
843 3890 891 3950 id.)
907 3886 1004 3953 λέγειν,
1027 3885 1065 3943 ὡς
1082 3885 1160 3942 αὐτὸς
1177 3889 1272 3952 παρείη
1291 3891 1328 3950 τῷ
1344 3885 1407 3951 Ἐμ-

153 3989 156 3992 ·
180 3970 307 4022 aaronis
319 3969 475 4036 γοητεύοντι.
505 3974 544 4024 Gi.
563 3980 699 4038 praeterea
716 3974 781 4024 VIII.
800 3974 841 4024 40.

212 4056 247 4120 ⁹⁰)
282 4059 418 4109 Susemitrl
442 4059 490 4108 l.l.:
514 4055 560 4112 ‘oc
584 4075 666 4123 φησιν
686 4055 719 4108 Ἄ.
744 4055 790 4109 καὶ
814 4056 861 4123 Σ.,
885 4060 910 4109 d.
934 4061 960 4109 h.
984 4061 1119 4110 entweder
1141 4059 1167 4108 S.
1190 4058 1233 4108 bei
1251 4059 1279 4107 ll.
1298 4058 1361 4106 oder
1379 4059 1407 4106 ll.

182 4143 220 4192 tei
241 4143 283 4193 S.’.
310 4143 428 4193 Tertiam
448 4144 516 4192 riam
535 4144 659 4207 equidem
677 4145 812 4207 ingressus
830 4159 898 4193 sum.
924 4143 998 4202 Quod
1017 4144 1042 4192 ln
1062 4145 1113 4192 alio
1132 4143 1257 4205 scriptore
1275 4143 1314 4190 vix
1334 4143 1408 4205 quis-

182 4243 260 4292 quam
281 4229 449 4291 concederet,
474 4233 620 4292 utrumque
637 4230 791 4292 scriptorem
810 4229 959 4278 adhibitum
977 4243 1048 4291 esse,
1071 4229 1095 4276 id
1115 4229 1142 4277 in
1160 4242 1238 4290 opere
1256 4227 1408 4289 Laertiano,

182 4319 364 4377 excerptorum
382 4313 503 4377 congerie
520 4313 565 4372 (cI.
584 4329 609 4362 n.
627 4311 685 4376 81),
702 4313 779 4362 facile
797 4314 955 4363 admittitur.
1374 4354 1376 4357 .

213 4398 248 4460 91)
283 4399 461 4449 Wilamowitr.
485 4399 574 4462 Antig.
601 4398 659 4448 Gar.
685 4415 708 4462 p.
727 4397 759 4446 53
782 4403 897 4448 aetatem
923 4399 1003 4447 huius
1026 4397 1209 4447 contumeliosi
1234 4397 1313 4447 libelli
1339 4398 1409 4446 intra

182 4498 263 4534 annos
286 4481 420 4532 ato-230
442 4481 552 4532 definIIt.
578 4482 617 4532 Gi.
640 4484 775 4533 Susamihl
799 4485 834 4532 l.l.
856 4483 1012 4532 Tenendum
1038 4487 1128 4530 autem
1151 4487 1190 4531 est
1210 4481 1278 4530 hauc
1295 4481 1408 4530 circum·

183 4569 350 4632 scriptionem
377 4567 515 4630 praecipue
542 4568 590 4616 niti
617 4583 648 4616 ea
673 4583 715 4630 re,
742 4568 812 4630 quod
840 4567 966 4630 Satyrum
992 4558 1022 4616 eo
1049 4582 1129 4616 usum
1156 4582 1212 4615 esse
1241 4567 1279 4615 uir
1304 4567 1335 4614 cl.
1360 4567 1408 4615 silii

184 4666 336 4713 persuasum
356 4652 456 4701 habuit.

215 4735 249 4796 92)
283 4737 418 4786 Suscmitrl
443 4737 461 4785 I.
479 4733 528 4784 lue
546 4751 571 4784 n.
589 4734 622 4783 39
639 4737 722 4800 Igitur
740 4736 837 4785 iniuria
856 4735 982 4800 Satyrum
1001 4740 1077 4784 tauta
1096 4736 1202 4784 levItatc
1220 4736 1301 4784 luisse
1320 4741 1408 4798 putat,

185 4826 214 4870 ut
230 4823 300 4886 operi
319 4821 479 4885 dristiyrpeo,
500 4821 695 4870 mendaciorum
714 4823 805 4884 pleno,
824 4819 902 4868 sidem
923 4819 1051 4869 habuerit.
