3546 5724
415 513 491 597 (lap.
517 514 542 580 1.
1018 517 1036 581 4

414 727 486 768 cum
508 709 600 770 tertio
621 710 849 786 epigrammate
870 710 1085 786 coniungitur.
1111 711 1211 770 Tanta
1228 713 1334 770 autem
1349 709 1435 787 apud
1451 709 1628 789 scriptores,

413 809 468 883 qui
499 807 680 867 Simonidea
708 809 938 884 epigrammata
962 809 1111 883 laudant,
1142 809 1173 868 in
1197 812 1307 884 poetae
1328 810 1455 868 nomine
1476 811 1631 870 adiciendo

412 909 468 964 aut
489 906 661 965 omittendo
682 907 820 965 occurrit
841 907 1072 982 inconstantia,
1097 909 1132 965 ut
1151 906 1254 966 bonae
1270 908 1418 967 fortunae
1433 907 1630 967 tribuendum

413 1004 574 1079 videatur,
616 1004 701 1078 quod
737 1004 769 1062 19
805 1005 864 1064 1199
899 1004 986 1079 1999,
1027 1022 1122 1078 quem
1158 1005 1412 1064 vetustissimum
1446 1023 1517 1065 9999
1551 1007 1628 1081 dixi,

411 1103 541 1161 omnino
559 1101 731 1161 Simonidis
747 1119 861 1161 nomen
877 1103 1002 1177 legitur.
1028 1103 1153 1161 Etenim
1169 1102 1434 1178 epigrammatum
1452 1102 1533 1180 (138,
1553 1104 1628 1179 111),

412 1218 494 1275 quae
526 1200 611 1275 apud
642 1217 714 1258 eum
747 1200 972 1274 inveniuntur,
1007 1201 1062 1274 qui
1094 1217 1133 1258 ex
1164 1199 1300 1258 testibus
1329 1201 1448 1260 nostris
1477 1202 1631 1260 Herodoto

412 1301 514 1358 991919
541 1298 707 1373 proximus
735 1301 799 1372 est,
832 1297 1049 1374 Thucydidem
1080 1296 1119 1374 (Ι.
1146 1297 1219 1372 132,
1244 1299 1297 1356 VI.
1323 1296 1374 1374 59)
1402 1299 1488 1374 dico,
1519 1300 1578 1358 hoc
1597 1317 1631 1358 ex

412 1397 587 1455 Aristotelis
611 1393 715 1471 (Rhet.
737 1396 763 1454 Ι.
785 1395 813 1454 9.
832 1393 895 1470 31),
920 1396 998 1455 illud
1016 1413 1055 1454 ex
1073 1396 1281 1471 Anthologiae
1299 1396 1461 1455 Palatinae
1480 1396 1546 1474 (VI.
1567 1396 1630 1473 197)

411 1496 598 1555 auctoritate
617 1495 700 1553 inter
724 1494 905 1553 Simonidea
928 1496 975 1552 est
997 1496 1169 1569 receptum.
1377 1487 1390 1492 ’

452 1594 540 1652 Inter
568 1593 655 1652 viros
683 1593 792 1651 doctos
820 1592 965 1666 quaestio
992 1594 1040 1651 est
1068 1593 1290 1666 controversa,
1327 1609 1409 1666 quae
1438 1593 1632 1651 necessitudo

411 1693 493 1750 inter
530 1690 724 1750 Simonidem
760 1691 856 1764 atque
890 1689 951 1747 tria
987 1690 1040 1748 illa
1075 1689 1306 1765 epigrammata
1341 1693 1450 1749 extare
1479 1691 1629 1749 videatur.

411 1791 532 1848 Eorum
561 1788 731 1846 Herodotei
758 1787 817 1845 loci
845 1787 1072 1862 explicationes
1094 1786 1266 1846 recensebo
1288 1790 1384 1862 atque
1404 1790 1536 1848 eatenus
1558 1788 1640 1864 diiu-¹

410 1888 538 1962 dicabo,
563 1888 723 1960 quatenus
740 1886 828 1960 ipsae
846 1885 938 1943 novis
958 1884 1629 1945 (11111991191111119199991119191199991991.

452 1983 522 2062 §A
574 1983 733 2044 Virorum
756 1981 938 2042 doctorum
960 1981 1210 2060 explicationes.
1256 1999 1287 2042 ιι.
1334 1984 1466 2059 Bergk
1495 1983 1538 2061 (p.
1563 1981 1631 2058 437)

410 2084 513 2142 199919
544 2082 748 2140 librariorum
780 2081 997 2140 additamento
1028 2082 1232 2156 inquinatum
1263 2098 1335 2140 esse
1366 2083 1458 2157 putat
1486 2098 1529 2140 sc.
1562 2099 1634 2140 voce

410 2179 609 2258 ἐπίγραμμα,
640 2197 723 2254 quae
750 2182 798 2238 991
826 2180 858 2237 19
888 2180 1142 2238 sententiuncula
1164 2177 1227 2248 ἔξω
1249 2178 1268 2256 ἢ
1291 2176 1325 2238 τὸ
1347 2182 1401 2238 τοῦ
1423 2177 1551 2256 μάντιος
1571 2177 1633 2238 ἐπί-

411 2297 556 2358 γραμμ9;
586 2281 659 2354 post
685 2277 764 2336 illud
792 2273 826 2336 τὸ
856 2280 911 2335 τοῦ
938 2273 1067 2354 μάντιος
1093 2279 1632 2353 919991911911191,999119191191

410 2378 584 2459 sequitur,
609 2378 713 2434 mente
740 2375 963 2450 ¹supplendum
998 2375 1115 2434 iudicat
1151 2375 1390 2435 substantivum
1426 2379 1533 2454 σῆμα,
1571 2393 1633 2450 quo

410 2473 593 2552 ἐπίγραμμα
625 2476 654 2532 91
686 2470 780 2551 στήλη
812 2473 1174 2547 comprehenderentur,
1208 2474 1378 2547 locumque
1409 2473 1455 2532 919
1482 2474 1633 2548 interpre-

409 2573 558 2632 tandum:
588 2571 835 2646 Amphictyones
863 2587 933 2629 esse
961 2573 1107 2629 auctores
1135 2573 1415 2629 monumentorum
1442 2572 1633 2645 Peloponne-

410 2671 531 2729 storum
541 2669 568 2744 2)
587 2672 618 2729 et
636 2668 887 2744 Spartiatarum,
908 2671 1106 2728 monumenti
1125 2673 1231 2728 autem
1247 2670 1410 2745 Megistiae
1428 2668 1630 2728 Simonidem.

450 2769 537 2827 Haeo
571 2767 788 2842 interpretatio
823 2767 872 2826 vel
907 2767 1023 2826 idcirco
1058 2767 1161 2826 iustae
1191 2766 1328 2826 obnoxia
1360 2769 1408 2825 991
1439 2767 1630 2842 suspicioni,

409 2867 494 2941 quod
517 2883 578 2925 19.
603 2882 662 2940 pro
684 2866 768 2923 certo
790 2865 885 2924 habet
905 2866 1010 2924 locum
1032 2865 1275 2939 pessumdatum
1296 2881 1366 2923 esse
1382 2865 1630 2939 interpolatione.

408 2964 504 3039 Atqui
525 2980 565 3021 99
587 2964 632 3022 919
653 2963 781 3037 quidem
804 2963 975 3038 sententia,
1007 2980 1104 3037 quam
1127 2962 1327 3038 adipiscitur,
1360 2965 1442 3022 recte
1464 2979 1498 3020 se
1518 2962 1635 3021 habere

409 3063 544 3121 videtur.
579 3061 763 3145 Herodotus
791 3061 891 3136 enim,
928 3061 954 3119 si
983 3078 1069 3136 eam,
1104 3078 1202 3135 quam
1231 3061 1337 3136 Bergk
1365 3078 1439 3119 eum
1468 3061 1635 3135 scripsisse

408 3162 515 3237 putat,
547 3159 736 3219 sententiam
764 3159 918 3218 voluisset
946 3160 1089 3218 omnium
1119 3159 1402 3234 simplicissimam,
1434 3161 1464 3217 et
1486 3159 1634 3218 99919911-

307 3248 309 3252 ’
408 3260 524 3318 uncula
556 3253 758 3332 interposita,
793 3275 857 3332 qua
889 3258 1069 3318 continetur
1099 3257 1240 3332 exceptio
1274 3255 1351 3332 (ἔξω
1384 3256 1402 3335 ἢ
1435 3255 1534 3342 ath),
1569 3259 1635 3316 tota

408 3374 515 3416 991919
543 3358 573 3414 91
594 3357 823 3431 epigrammata
845 3358 941 3430 atque
962 3355 1042 3430 pilas
1064 3355 1261 3430 distinguere
1282 3355 1492 3430 supersedere
1513 3355 1631 3430 potuit,

408 3455 587 3513 sutiiciebat
608 3454 692 3512 enirn
714 3453 867 3512 scribere:
890 3451 924 3513 τὸ
945 3451 1003 3530 μὲν
1025 3458 1111 3532 σῆμα
1133 3455 1196 3512 τῶν
1217 3450 1259 3512 Π.
1285 3450 1338 3512 καὶ
1358 3456 1421 3513 τῶν
1442 3450 1481 3512 Σ.
1503 3451 1636 3531 ἔστησαν

290 3569 292 3574 ’
408 3551 438 3612 οἱ
453 3551 561 3630 lippa,
583 3548 618 3611 τὸ
637 3549 671 3610 δὲ
688 3555 743 3610 τοῦ
761 3548 890 3628 μάντιος
907 3548 1101 3630 Σιμωνίδης.
1127 3552 1337 3612 Accusativus
1355 3555 1428 3627 post
1445 3551 1635 3612 adverbium

407 3650 470 3720 ἔξω
492 3649 529 3728 ἤ,
553 3667 648 3724 quem
670 3650 748 3708 alios
770 3650 944 3708 offendisse
966 3650 1161 3725 videbimus,
1188 3651 1325 3726 Bergkio
1347 3650 1536 3725 scrupulum
1556 3651 1636 3708 inie-

407 3750 489 3809 cisse
510 3766 573 3808 999
596 3748 732 3808 11119191.

449 3847 644 3907 Simonidem
665 3847 807 3906 omnium
827 3848 923 3906 trium
942 3847 1209 3922 epigrammatum
1227 3863 1297 3905 esse
1315 3849 1476 3906 auctorem
1496 3848 1637 3923 Berghio

406 3948 606 4022 exploratum
627 3949 685 4004 991.
713 3944 797 4004 Sane
818 3962 878 4004 19.
904 3945 1046 4004 concedit
1071 3944 1279 4003 ‘Herodotum
1305 3945 1499 4004 Simonidem
1520 3963 1636 4005 monu-

407 4045 504 4104 menti
522 4046 700 4118 auctorem,
726 4061 789 4101 non
806 4043 898 4118 elogii
914 4043 1101 4117 scriptorem
1118 4041 1244 4101 dicere'.
1269 4043 1307 4101 At
1327 4041 1484 4118 ί11991991,
1509 4043 1633 4119 inquit,

409 4143 474 4217 ‘qui
502 4143 626 4218 primus
654 4142 713 4200 hoc
741 4141 846 4215 poesis
874 4158 976 4216 genus
1006 4141 1258 4215 praeclarissime
1282 4141 1470 4216 illustravit,
1502 4142 1638 4216 quando

406 4241 498 4299 amici
529 4240 688 4299 tumulum
720 4238 879 4313 epitaphio
910 4239 1056 4313 decorat,
1092 4256 1155 4297 non
1184 4239 1285 4298 aliena
1313 4256 1409 4314 opera
1438 4257 1535 4298 usum
1563 4257 1639 4299 esse

406 4340 654 4398 consentaneum
673 4334 743 4395 est'.
768 4336 1015 4411 Amphictyones
1033 4339 1139 4396 autam
1160 4336 1340 4412 ‘gratificati
1360 4340 1436 4397 sunt
1457 4337 1635 4413 Simonidi,

405 4437 460 4512 qui
488 4454 562 4495 cum
590 4435 857 4511 Amphictyonum
884 4437 997 4510 rogatu
1019 4433 1144 4508 publica
1166 4439 1372 4495 monumenta
1395 4435 1541 4495 versibus
1564 4437 1639 4494 suis

407 4581 566 4588 ——-——-.-

436 4668 460 4730 2)
494 4668 760 4733 ‘Peloponnesiorum'
791 4669 953 4733 epigramma
982 4683 1021 4732 ep.
1048 4667 1077 4718 m
1107 4669 1260 4731 nominabo;
1293 4683 1457 4733 quamquam
1486 4684 1537 4719 nou
1565 4671 1641 4718 solos

405 4756 620 4819 l‘elcponnesioS,
644 4756 690 4818 qui
709 4754 866 4816 laudantur,
892 4759 1008 4818 spectare
1027 4768 1133 4803 carmen
1153 4753 1300 4804 Herodotus
1318 4757 1373 4817 ipse
1391 4754 1497 4802 indicat.
1524 4753 1585 4812 Qua
1604 4754 1640 4802 de

407 4855 434 4900 19
453 4840 502 4890 rid.
521 4837 548 4902 ἐξ
566 4839 610 4904 la,
629 4839 676 4904 14,
696 4838 735 4889 18.
