3516 5712
390 533 465 610 (lap.
490 532 556 610 lli,
581 532 668 593 3-5.
980 530 1018 591 84

429 722 600 780 Videamus
635 721 739 780 locum
768 719 884 795 ipsum.
916 719 1114 778 Praebentur
1142 719 1174 778 in
1203 719 1460 780 Tusculanarum
1489 721 1571 782 libro
1598 720 1612 778 I

388 820 531 895 exempla
559 836 687 895 eorum,
718 818 773 893 qui
801 819 962 894 praeclare
989 818 1147 878 factorum
1168 819 1286 879 conscii
1307 819 1382 878 lorti
1403 821 1510 879 animo
1531 837 1612 879 mor-

388 920 452 977 tem
472 918 700 978 occubuerunt.
726 917 801 976 Post
823 916 1052 976 Theramenem
1080 915 1141 993 (40.
1166 916 1218 992 96)
1251 917 1479 993 Socratemque
1495 917 1557 994 (40.
1576 919 1612 977 97

388 1014 475 1090 sqq.)
508 1016 654 1076 laudatos
685 1015 865 1074 illustratur
897 1014 1008 1074 mortis
1039 1015 1091 1074 illa
1123 1016 1330 1090 contemptio,
1364 1033 1428 1090 qua
1462 1016 1611 1092 Spartani

387 1114 610 1189 inclaruerint,
651 1113 755 1172 tribus
785 1112 955 1188 exemplis,
997 1129 1135 1187 quorum
1166 1113 1226 1172 hoc
1257 1113 1396 1180 medium
1426 1115 1490 1171 est:
1523 1111 1613 1189 ‘pari

388 1210 508 1272 animo
550 1209 816 1272 Lacedaemonii
850 1208 888 1270 in
926 1208 1162 1288 Thermopylis
1197 1207 1411 1286 occiderunt,
1452 1207 1491 1270 in
1527 1227 1612 1287 quos

387 1307 657 1370 Simonides:
675 1308 804 1370 “die-
816 1307 1074 1386 obsequimur-’z
1099 1307 1132 1367 E
1148 1307 1389 1386 quibuscum,
1408 1325 1485 1368 eum
1496 1307 1612 1368 Perses

386 1406 496 1469 hostis
523 1406 562 1468 in
587 1406 762 1486 colloquio
792 1405 932 1468 dixisset
952 1404 1129 1485 glorians:
1161 1405 1290 1468 “solem
1309 1423 1396 1484 prae
1416 1404 1611 1466 iaculorum

387 1504 614 1567 multitudine
634 1507 667 1566 et
687 1503 899 1584 sagittarum
921 1522 992 1566 non
1013 1503 1210 1580 videbitis”,
1238 1499 1300 1593 “in
1321 1503 1447 1564 umbro
1462 1501 1608 1581 tpituffl,

387 1602 520 1682 inquit,
555 1603 870 1682 ι“ρπιρφιιιὶηήηιε”’.
903 1605 982 1664 Ourn
1009 1605 1087 1664 haec
1114 1603 1257 1662 narratio
1277 1605 1346 1660 turn
1368 1605 1505 1677 ceterae,
1531 1619 1612 1676 quae

387 1703 507 1778 reliqua
545 1703 688 1778 exempla
719 1693 897 1778 illustrant,
938 1702 1148 1761 inveniuntur
1180 1702 1210 1760 et
1242 1700 1316 1760 alibi
1346 1703 1376 1759 et
1408 1700 1494 1774 apud
1526 1700 1607 1758 Plut.

386 1801 543 1876 Apophth.
569 1803 641 1861 Lac.
666 1800 740 1876 209,
765 1801 840 1876 225,
865 1800 927 1858 nisi
948 1801 1034 1875 quod
1054 1799 1250 1876 epigramma
1272 1798 1378 1873 ipsum
1399 1797 1497 1856 deest.
1520 1797 1611 1857 (loni-

385 1899 450 1959 cias
479 1900 661 1960 Ciceronem
689 1901 745 1958 aut
773 1901 934 1957 auctorem
962 1898 1030 1956 eius
1059 1929 1098 1938 -
1125 1897 1273 1972 quisquis
1306 1896 1367 1954 iuit
1394 1928 1434 1937 -
1462 1895 1611 1970 petivisse

386 1999 585 2057 narrationes
603 1998 674 2056 illas
692 2014 730 2054 ex
749 1987 903 2070 scriptore
920 1995 1060 2070 quodam
1078 2012 1185 2054 rerum
1203 1993 1457 2053 memorabilium
1477 1991 1607 2070 (sivan.

386 2097 469 2155 Max.
494 2096 555 2154 III.
581 2095 609 2154 2.
634 2097 695 2152 ext.
717 2093 750 2169 3,
776 2093 803 2151 7.
821 2095 882 2150 ext.
901 2090 945 2166 8).
971 2093 1070 2152 Ouius
1085 2092 1322 2151 annotationem
1336 2090 1375 2148 de
1389 2090 1610 2166 Thermopylis

385 2194 425 2252 ad
455 2193 653 2253 Herodotum
680 2191 817 2265 denique
844 2207 1009 2249 recurrere
1035 2190 1242 2248 manifestum
1269 2191 1317 2248 est
1347 2187 1400 2266 (ci.
1435 2189 1509 2247 Her.
1538 2189 1607 2247 VII.

385 2291 444 2350 226
476 2288 581 2365 sqq),
616 2307 655 2349 ex
687 2306 751 2363 quo
782 2291 812 2347 et
843 2288 1038 2363 epigramma
1076 2291 1107 2346 et
1138 2305 1254 2347 nornen
1289 2286 1461 2346 Simonidis
1493 2288 1611 2346 arcessi

385 2389 567 2462 potuerunt.
610 2387 767 2454 Quoniam
803 2389 908 2446 autem
937 2387 1133 2462 epigramma
1154 2386 1301 2461 ipsuma
1323 2385 1495 2443 Plutarcho
1516 2387 1611 2459 atque

385 2485 508 2544 Valerio
547 2503 609 2544 non
642 2484 826 2559 exhibetur,
860 2484 929 2542 iieri
960 2501 1088 2558 quoque
1119 2486 1238 2559 potest,
1273 2486 1309 2541 ut
1337 2483 1462 2557 Cicero,
1498 2483 1547 2540 vir
1578 2483 1610 2541 in

385 2583 544 2642 historicis
566 2582 695 2643 Graecis
718 2583 957 2642 versatissimus
978 2615 1016 2623 -
1033 2582 1082 2641 vel
1103 2583 1242 2652 tortasse
1262 2576 1325 2640 iarn
1343 2583 1454 2640 auctor
1471 2580 1542 2639 eius
1554 2613 1606 2654 -‚

384 2682 580 2757 epigramma
608 2699 647 2740 ex
670 2682 831 2740 Herodoto
853 2680 1038 2740 recordatus
1060 2680 1320 2739 narratiunculae
1340 2679 1521 2738 inseruerit.
1556 2679 1611 2737 Vel

384 2779 547 2856 sicigitur
569 2779 678 2839 Cicero
699 2779 834 2839 formam
856 2780 894 2838 A¹
918 2778 1052 2838 vertisse
1073 2778 1208 2837 videtur.

424 2879 527 2937 Locus
562 2877 723 2938 Ciceronis
759 2878 837 2936 nihil
872 2878 994 2937 confert
1022 2877 1062 2936 ad
1088 2877 1343 2936 constituendam
1371 2875 1609 2951 epigrammatis

382 2974 599 3049 traditionem,
624 2976 742 3051 quippe
763 2993 860 3050 quam
881 2975 944 3034 iam
959 2991 1086 3033 ornnem
1100 2973 1228 3032 aliunde
1245 2974 1404 3050 cognitam
1419 2971 1605 3030 habeamus.

382 3073 492 3146 Neque
512 3104 551 3113 —
572 3073 658 3146 quod
679 3074 822 3147 plerique
842 3073 987 3132 arbitrati
1009 3074 1085 3130 sunt
1107 3073 1289 3148 -propter
1306 3071 1374 3129 eius
1392 3070 1608 3129 testimonium

382 3171 483 3229 tutius
517 3170 713 3245 epigramma
742 3171 896 3230 vindicari
925 3172 1028 3245 potest
1057 3169 1228 3244 Simonidi,
1268 3169 1360 3228 cuius
1388 3169 1607 3228 auctoritatem

382 3285 418 3326 ea
434 3269 507 3336 ¹sola
529 3268 568 3326 de
596 3285 693 3326 causa
715 3270 833 3328 certam
854 3285 925 3327 esse
946 3268 1086 3338 vidimus
1109 3265 1144 3344 (ξ
1169 3265 1238 3343 18),
1268 3267 1354 3342 quod
1375 3267 1444 3326 loco
1467 3266 1607 3324 Herodo-

382 3369 432 3424 teo
466 3399 504 3408 -
539 3382 603 3439 quo
638 3365 747 3426 Cicero
775 3383 903 3440 quoque
931 3366 987 3424 niti
1021 3366 1147 3425 videtur
1179 3399 1219 3406 -
1250 3368 1341 3440 poeta
1369 3365 1608 3440 epigrammatis

382 3465 546 3551 Megistiae
571 3465 732 3524 dedicator
759 3467 902 3524 vocatur.
934 3465 1127 3523 Testimonio
1154 3463 1362 3524 Ciceroniano
1389 3463 1480 3523 facile
1501 3479 1609 3523 carere

381 3581 565 3640 possumus.

884 3752 913 3809 4.
959 3761 1104 3809 sTRABO.

422 3953 441 4034 ξ
471 3955 519 4016 46.
566 3953 616 4016 De
647 3953 831 4020 Strabonis
865 3952 975 4014 verbis
1004 3971 1053 4030 ep.
1087 3953 1135 4014 92
1161 3950 1405 4030 spectantibus.
1451 3953 1542 4020 Quae
1569 3954 1607 4012 de

380 4055 562 4129 quinque
582 4054 683 4129 cippis
705 4052 1030 4128 Thermopylensibus
1051 4053 1203 4127 leguntur
1225 4043 1311 4126 apud
1335 4050 1526 4110 Strabonem
1549 4051 1602 4109 IX.

380 4153 408 4211 4.
439 4153 457 4211 2
480 4170 510 4227 p.
534 4152 610 4226 425,
641 4169 677 4210 ea
699 4155 826 4227 accepta
848 4151 959 4210 referri
980 4151 1170 4225 Apollodoro
1191 4150 1495 4208 demonstraverunt
1515 4149 1607 4208 Niese

380 4251 440 4308 Rh.
465 4250 548 4308 Mus.
573 4249 621 4307 32.
647 4249 724 4308 1877
746 4268 776 4324 p.
801 4249 858 4308 267
881 4265 951 4323 sqq.
976 4253 1072 4323 atque
1096 4248 1261 4312 Schwartz¹
1279 4247 1465 4306 PW.-RE.
1485 4248 1510 4306 Ι.
1529 4247 1606 4306 2867

267 4419 278 4435 ι
381 4345 434 4424 (oi.
461 4345 480 4423 ξ
505 4346 541 4405 16
563 4365 594 4405 n.
619 4345 682 4423 31).
707 4347 796 4414 Quae
817 4350 923 4406 autem
945 4347 1040 4421 paulo
1061 4349 1132 4421 post
1154 4346 1208 4404 IX.
1233 4347 1261 4404 4.
1288 4345 1325 4404 16
1348 4363 1378 4421 p.
1403 4344 1461 4404 429
1480 4345 1520 4404 de
1537 4345 1606 4420 ipso

379 4597 430 4644 iam
461 4597 587 4645 docuerat
615 4597 682 4659 apud
710 4597 841 4646 Romanos
866 4597 1041 4646 Tarentinum
1069 4597 1209 4660 diligenter
1234 4597 1384 4645 lectitatum
1410 4610 1467 4644 esse
1492 4596 1605 4645 testibus

378 4681 591 4744 inscriptionibus
619 4681 784 4744 Pompeianis
811 4682 883 4732 Kaib.
907 4680 1073 4734 licit-ilco,
1095 4682 1212 4745 locisque
1235 4681 1395 4744 quibusdam
1420 4681 1604 4744 Propertianis

379 4765 459 4820 Nulla
488 4780 549 4828 ergo
577 4767 750 4816 concludendi
779 4772 820 4814 est
848 4768 990 4816 necessitas
1018 4765 1169 4817 Ciceronem
1197 4766 1247 4816 nisi
1272 4781 1304 4814 ex
1330 4765 1432 4815 Corona
1458 4766 1605 4829 Meleagron

377 4834 538 4900 heorrideum
557 4850 719 4912 epigramma
736 4865 891 4913 cognoscere
908 4865 960 4899 non
980 4851 1102 4913 potuisse.
