3546 5724
408 504 483 584 Cap.
509 504 534 567 I.
998 502 1036 567 30

407 696 578 756 Aeschines
588 691 639 772 48),
660 693 824 771 inscriptio
842 711 913 755 cum
932 696 1001 755 eius
1020 694 1161 770 nomine,
1183 691 1322 772 genetivi
1340 693 1513 771 possessivi
1531 693 1628 758 forma

407 795 525 870 posito,
550 795 755 869 coniungitur
775 794 909 868 eiusque
929 811 999 852 esse
1020 794 1154 869 dicitur,
1178 795 1234 868 qui
1248 811 1318 853 eam
1333 795 1569 855 inscribendam
1583 796 1629 855 vel

407 893 492 967 quod
521 893 603 950 idem
631 894 678 950 est
706 892 761 966 qui
790 894 1030 950 monumentum
1052 892 1259 951 statuendum
1281 893 1414 952 curavit.
1450 895 1629 971 Neglegitur

406 993 514 1065 poeta,
545 990 636 1049 cuius
662 1007 794 1063 nomen,
825 989 971 1064 genetivo
993 1006 1087 1064 casu,
1119 991 1236 1048 addere
1256 991 1413 1064 posterior
1434 992 1512 1050 solet
1533 995 1626 1051 aetas.

447 1089 493 1146 Ea
522 1090 639 1163 aetate,
669 1104 733 1161 qua
762 1087 914 1160 antiquus
937 1087 1064 1162 vigebat
1085 1104 1154 1145 mos
1176 1087 1415 1162 epigrammatis
1437 1093 1547 1164 poetae
1568 1107 1628 1148 non

408 1186 595 1260 respiciendi
613 1219 651 1226 —-
669 1189 765 1259 atque
783 1185 922 1243 vidimus
945 1185 1117 1243 Simonidis
1133 1186 1331 1260 temporibus
1348 1204 1420 1245 eum
1437 1188 1579 1262 viguisse
1594 1221 1629 1230 -

406 1283 475 1342 fieri
504 1300 607 1357 neque
635 1283 752 1357 potuit,
784 1285 819 1341 ut
847 1285 957 1357 poetae
985 1300 1100 1342 nomeu
1129 1283 1161 1342 in
1187 1283 1291 1358 lapide
1312 1284 1510 1360 inscriptioni
1532 1287 1628 1344 ascul-

406 1383 551 1456 peretur,
583 1398 656 1455 nec,
688 1384 723 1439 ut
751 1398 904 1439 versuum
932 1381 1094 1439 traditioni
1121 1381 1279 1441 literariae
1306 1383 1485 1442 adderetur.
1520 1385 1630 1458 Itaque

407 1480 434 1538 si
462 1480 554 1539 cuius
581 1479 819 1554 epigrammatis
848 1479 974 1539 traditio
1002 1480 1043 1538 ad
1071 1482 1215 1554 posteros
1243 1480 1385 1555 devenit,
1417 1498 1485 1539 eam
1508 1498 1630 1556 semper

406 1581 515 1652 poetae
547 1577 674 1635 nomine
705 1577 888 1635 destitutam
916 1577 1066 1636 traditam
1094 1595 1165 1635 esse
1194 1577 1445 1653 scriptoresque,
1480 1579 1535 1652 qui
1563 1596 1629 1638 eam

406 1675 596 1749 receperint,
627 1674 823 1750 epigramma
851 1692 1049 1749 anonymum
1076 1675 1264 1750 praebuisse
1294 1693 1421 1735 necesse
1447 1679 1505 1734 est.
1540 1675 1630 1744 Quod

407 1772 577 1847 scriptores
611 1771 807 1846 antiquiores
842 1789 903 1848 eg.
942 1773 1125 1832 Herodotus
1159 1775 1190 1831 et
1222 1773 1424 1849 Thucydides
1456 1791 1629 1848 numquam

369 1885 372 1894 ·
406 1870 626 1945 epigrammati
654 1872 764 1945 poetae
793 1888 908 1929 nornen
937 1871 1095 1946 adiciunt,
1126 1889 1165 1930 ex
1194 1872 1325 1945 antiqua
1353 1871 1451 1946 igitur
1476 1873 1629 1948 epIgram-

406 1968 500 2026 matis
521 1967 704 2026 condicione
725 1967 901 2042 explicatur
922 1966 973 2043 49).

445 2066 515 2124 Nou
538 2066 642 2136 solum
663 2066 684 2123 ii
706 2065 877 2141 scriptores
899 2066 1112 2140 antiquiores,
1144 2067 1199 2141 qui
1220 2067 1298 2125 tales
1320 2067 1470 2140 antiquas
1490 2066 1630 2125 traditio·

407 2181 462 2222 nes
495 2166 698 2239 receperunt,
734 2181 847 2222 nomen
883 2166 993 2238 poetae
1024 2165 1263 2240 epigrammatis
1292 2181 1356 2222 non
1384 2165 1541 2240 produnt,
1577 2165 1631 2223 sed

406 2261 522 2321 scilicet
551 2262 740 2321 recentiores
769 2279 912 2337 quoque,
944 2263 1000 2337 qui
1027 2280 1066 2321 ex
1095 2263 1330 2337 antiquioribus
1354 2262 1417 2320 iilis
1439 2279 1497 2321 sua
1519 2262 1631 2320 hause-

406 2361 491 2418 runt.
516 2359 578 2428 Qui
599 2358 750 2418 destituta
769 2362 879 2434 poetae
897 2360 1024 2418 nomine
1042 2361 1272 2436 epigrammata
1289 2360 1438 2435 laudant,
1462 2362 1630 2435 postquam

405 2457 592 2516 iamdudum
621 2457 784 2531 complura
812 2457 1058 2533 epigrammata,
1090 2475 1250 2533 anonyma
1275 2460 1385 2533 antea,
1416 2459 1501 2516 certo
1523 2459 1632 2531 poetae

406 2588 443 2596 —
472 2555 628 2629 imprimis
659 2554 814 2614 Simonidi
842 2557 952 2614 nostro
977 2589 1016 2597 —
1038 2556 1196 2615 vindicata
1219 2558 1295 2614 sunt
1318 2555 1395 2632 (vid.
1422 2553 1441 2631 ξ
1464 2553 1528 2630 20).
1564 2555 1632 2614 Ηοο

405 2655 511 2710 autem
534 2670 629 2726 saepe
649 2653 777 2727 accidit,
809 2656 845 2710 ut
867 2654 1037 2728 scriptores
1059 2653 1101 2710 itli
1123 2653 1266 2728 primarii
1287 2653 1492 2727 evanuerint,
1522 2669 1631 2726 super·

406 2751 469 2810 sint
501 2754 607 2810 autem
636 2750 691 2825 qui
718 2751 780 2809 illis
809 2751 860 2809 usi
889 2754 975 2810 sunt.
1010 2753 1060 2809 Ex
1081 2752 1210 2825 Ephoro
1231 2751 1387 2826 imprimis
1409 2751 1509 2809 multa
1530 2751 1633 2809 bonae

405 2849 509 2924 frugis
540 2849 573 2907 in
605 2848 776 2923 scriptores
808 2848 999 2923 posteriores
1032 2848 1156 2925 (Diod,
1192 2847 1292 2924 Plut.)
1325 2846 1492 2908 transiisse
1523 2852 1632 2923 postea

406 2945 595 3005 videbimus.

447 3041 537 3121 520.
584 3043 634 3104 De
664 3043 802 3108 ratione
834 3062 904 3122 ριια
937 3043 1094 3123 quaestio
1123 3043 1328 3105 Simonides
1357 3043 1544 3104 tractando
1572 3042 1629 3104 sit.

406 3142 532 3201 Certam
561 3142 715 3202 rationem
743 3145 782 3203 ad
812 3147 1031 3218 quaestionem
1056 3145 1271 3203 Simonideam
1292 3143 1492 3202 tractandam
1514 3142 1631 3216 adipis-

405 3240 507 3297 cimur
535 3257 574 3298 ex
595 3239 650 3315 ite,
682 3258 764 3315 quae
786 3242 924 3300 vidimus
946 3242 985 3300 de
1006 3243 1138 3317 antiquo
1159 3241 1397 3317 epigrammatis
1420 3242 1515 3299 statu.
1551 3241 1634 3298 Nam

405 3339 492 3398 nulla
514 3339 554 3397 ad
576 3342 720 3414 posteros
742 3339 892 3398 devenire
912 3340 1015 3414 potuit
1037 3339 1187 3398 memoria
1206 3338 1304 3397 literis
1322 3339 1525 3414 consignata,
1550 3354 1635 3412 quae

407 3436 601 3496 Simonidem
630 3437 868 3512 epigrammatis
890 3438 1058 3496 cuiusdam
1080 3437 1258 3496 testabatur
1280 3440 1414 3511 poetam.
1452 3435 1633 3494 Simonides

405 3611 564 3618 ———-

437 3721 472 3784 ⁴8)
507 3724 558 3772 Res
581 3724 734 3787 ceteroquin
759 3723 897 3772 notissima
920 3728 988 3783 erat3
1015 3723 1206 3772 Demosthenes
1229 3723 1299 3771 enim
1325 3722 1408 3784 (Lept.
1427 3719 1488 3782 iti)
1511 3725 1636 3784 expectat

404 3810 459 3857 iore
478 3815 509 3858 ut
527 3809 649 3872 Leptines
668 3810 716 3857 hac
735 3809 864 3857 maiorum
884 3808 1027 3857 sobrietate
1045 3813 1152 3870 utatur,
1170 3813 1201 3856 ut
1219 3810 1318 3869 tegern,
1337 3807 1448 3870 nequis
1466 3805 1633 3868 publicorum

404 3908 546 3942 munerum
570 3898 640 3942 esset
662 3893 803 3955 immunis,
827 3895 923 3955 populo
946 3893 1129 3942 commendet:
1153 3887 1205 3939 ἔστι
1224 3888 1312 3939 τοίνυν
1330 3908 1366 3945 τις
1384 3888 1524 3954 πρόχειρος
1542 3887 1635 3953 λόγος,

404 3973 441 4030 ὡς
470 3974 521 4038 ἄρα
546 3973 612 4040 παρ’
637 3973 699 4040 ἡμῖν
725 3972 766 4024 εἰιὶ
792 3979 845 4024 τῶν
870 3973 1009 4038 προγόνων
1035 3971 1113 4023 πόλλ’
1137 3970 1218 4038 ἀγάθ’
1242 3971 1406 4038 εἰργασμένοι
1433 3969 1497 4026 τινὲς
1524 3969 1635 4026 οὐδενὸς

403 4059 525 4126 ἠξιοῦντο
543 4058 675 4122 τοιούτου,
693 4057 752 4110 ἀλλ’
766 4057 908 4125 ἀγαπητῶς
925 4056 1120 4124 ἐπιγράμματος
1138 4057 1166 4108 ἕν
1183 4064 1236 4113 τοῖς
1251 4057 1361 4123 Ἑρμαῖς
1379 4055 1484 4122 ἔτυχον
1503 4054 1549 4106 ιιαὶ
1568 4056 1635 4112 ἴσως

403 4145 482 4196 τοῦθ’
500 4144 562 4210 ὑμῖν
579 4143 755 4210 ἀναγνώσεται
774 4143 802 4194 τὸ
820 4142 979 4210 ἐπίγραμμα.

436 4231 471 4294 49)
507 4232 603 4294 Preger
625 4233 774 4296 suspicatus
798 4236 855 4280 erat
878 4231 921 4292 (N.
942 4231 1008 4279 run
1027 4231 1056 4278 R.
1075 4229 1139 4278 1897
1160 4246 1182 4293 p.
1201 4228 1261 4292 131)
1286 4245 1382 4279 nomen
1402 4232 1492 4290 poetae
1511 4229 1635 4276 additum

403 4333 419 4366 a
441 4320 493 4368 stili
514 4317 660 4366 rationibus
678 4317 826 4364 abhorrere.
853 4316 893 4365 Ita
910 4320 1018 4364 tantum
1037 4315 1069 4362 de
1087 4316 1148 4363 stilo
1166 4315 1280 4378 quodam
1299 4329 1386 4363 sermo
1404 4327 1460 4362 esse
1479 4317 1578 4376 potest,
1604 4318 1636 4360 ut

403 4404 542 4466 scriptores
565 4402 734 4465 posteriores,
758 4401 805 4463 qui
828 4400 1027 4462 epigrammatis
1052 4398 1152 4448 ficticiis
1171 4413 1200 4448 ar.
1218 4398 1432 4448 demonstrativis
1451 4398 1635 4446 narrationem

405 4488 504 4535 variare
528 4486 648 4534 solebant
670 4512 700 4518 —
725 4485 854 4546 imprimis
877 4485 991 4534 assertae
1015 4484 1120 4532 scholae
1140 4485 1283 4532 isocrateao
1302 4484 1422 4546 Ephorus
1439 4487 1466 4530 et
1480 4481 1636 4544 Theopom-

405 4586 453 4634 pus
477 4597 509 4604 -
532 4585 563 4618 ea
587 4570 692 4618 nomine
717 4574 807 4631 poetae
830 4570 958 4618 destituta
984 4569 1145 4632 proterrent,
1170 4572 1200 4616 ut
1222 4583 1278 4617 mos
1295 4572 1353 4616 erat
1370 4568 1396 4615 in
1416 4567 1637 4628 inscriptionibus

403 4656 533 4719 genuinis.
569 4655 662 4718 Neque
690 4660 758 4702 recte
786 4669 884 4702 morem
912 4654 1036 4702 omnibns
1062 4654 1194 4702 historicis
1220 4659 1302 4716 atque
1328 4653 1476 4701 oratoribus
1502 4651 1637 4699 tribuerat

405 4740 497 4801 Bergk.
516 4740 553 4787 De
571 4738 767 4787 Reitzensteinii
786 4739 908 4800 opinione
926 4739 958 4786 cf.
978 4753 1037 4786 ann.
1056 4736 1096 4787 ro.
1116 4739 1254 4786 Praeterea
1266 4722 1636 4786 conferendusKaibelGGA.

403 4821 469 4874 1892
491 4838 514 4887 p.
533 4821 573 4874 96.
