3572 5716
780 511 837 570 217
1208 510 1228 590 a
1253 512 1326 587 127,
1353 513 1420 572 128.

195 699 483 757 demonstrativum
505 716 575 758 esse
595 699 899 774 epigrammatisque
923 698 978 757 102
999 699 1216 758 imitationem.
1242 698 1331 767 Quae
1346 698 1423 758 mihi

196 798 279 855 certa
309 795 496 854 imitationis
526 796 642 854 indicia
671 796 857 873 videantur,
892 796 1049 856 indicabo
1084 796 1197 854 Verbis
1226 793 1423 875 εὐθυμάχων

196 891 324 970 ἀνὸρῶν
337 891 540 971 μνησώμεθα
556 894 712 969 hymnum
727 895 866 953 exordiri
880 896 1005 970 poetam
1021 895 1185 970 putaveris
1194 939 1202 970 ,
1224 895 1302 969 quid
1317 898 1423 954 autem

196 990 364 1066 sequitur?
398 1036 404 1049 .
431 1037 437 1050 .
465 1037 471 1049 .
498 1037 504 1050 .
535 993 599 1050 τῶν
630 988 685 1050 dds
717 990 851 1069 τύμβος,
887 993 980 1067 quale
1011 993 1264 1051 additamentum
1295 994 1424 1051 nonnisi

195 1089 325 1148 obvium
351 1090 385 1146 in
406 1089 645 1164 epigrammatis
667 1089 882 1165 genuinarum
903 1090 1148 1165 inscriptionum
1170 1090 1306 1164 speeiem
1328 1091 1423 1149 affee-

195 1186 337 1246 tantibus
365 1187 429 1246 iam
457 1187 546 1246 docet
574 1205 702 1246 carmen
730 1205 801 1246 esse
828 1188 1070 1247 demonstrativi
1099 1187 1241 1263 generis,
1274 1188 1312 1247 ci.
1334 1189 1423 1247 Mna·

196 1285 298 1343 soleae
324 1285 403 1343 imit.
434 1285 511 1345 Sim.
537 1285 739 1361 Thermopyl.
764 1303 813 1360 ep.
835 1286 905 1344 VII.
930 1285 1022 1362 242,3
1049 1303 1097 1360 sq.
1124 1283 1159 1362 (ξ
1187 1284 1258 1362 125)
1286 1287 1316 1343 et
1341 1285 1420 1344 imit.

198 1381 273 1440 Sim.
299 1383 433 1459 Eurym.
455 1384 525 1442 VII.
549 1383 641 1458 llas
668 1408 708 1431 =
731 1383 808 1442 Sim.
835 1383 892 1442 106
916 1381 950 1460 (ξ
975 1382 1058 1459 127).
1084 1384 1258 1459 Compara,
1283 1400 1420 1459 quaeso,

196 1481 433 1557 epigrammatis
465 1481 522 1539 102
554 1481 785 1556 simplicitatem
818 1499 890 1541 cum
918 1482 1050 1541 tumidis
1078 1483 1174 1556 atque
1201 1481 1423 1558 grandiloquis

197 1579 301 1636 verbis
323 1579 562 1654 epigrammatis
586 1578 656 1652 103;
687 1597 841 1654 compone
861 1580 1023 1654 epitheton
1045 1580 1182 1655 Tegeae,
1211 1580 1347 1654 quaein
1370 1580 1422 1638 illo

196 1691 243 1748 ep.
260 1674 360 1734 nitide
377 1678 473 1750 atque
487 1671 655 1752 insigniter
671 1674 846 1756 εὐρύχορος
860 1678 976 1737 dicitur
993 1711 1030 1719 --
1046 1677 1185 1736 flammis
1201 1677 1285 1736 enim
1302 1676 1424 1752 ανιιμλα

196 1771 273 1830 urbs
295 1773 541 1848 conflagrasset,
566 1775 629 1832 nisi
649 1775 735 1833 cives
756 1775 926 1834 imminens
948 1775 1124 1850 periculum
1146 1774 1422 1848 propulsavisseut

196 1903 233 1912 —
253 1888 328 1929 cum
349 1872 440 1946 urbis
461 1873 598 1948 epitheto
619 1873 652 1930 in
674 1890 722 1947 ep.
745 1872 801 1932 103
823 1871 977 1950 εὔμηλος,
1002 1873 1089 1948 quod
1110 1890 1174 1931 non
1196 1873 1269 1930 urbi
1291 1871 1347 1930 sed
1365 1872 1421 1930 toti

197 1969 316 2043 regioni
337 1971 446 2044 aptum
469 1973 517 2029 est
540 1967 704 2048 (Ἀρκαδία
727 1967 865 2048 εὔμηλος
887 1971 978 2029 Pind.
1003 1971 1040 2030 Ο.
1065 1972 1093 2031 6.
1119 1970 1193 2046 170,
1218 1971 1349 2029 Theocr.
1369 1970 1417 2028 22.

197 2064 278 2142 157).
323 2068 424 2126 Metro
459 2073 586 2128 coactus
621 2068 760 2127 imitator
791 2069 879 2143 epico
910 2087 992 2128 usus
1023 2071 1071 2128 est
1102 2069 1248 2145 genetivo
1278 2063 1417 2144 πόληος,

196 2165 318 2223 studuit
346 2166 430 2224 enim
452 2151 644 2225 vocabulum
665 2163 771 2242 πόλις,
802 2167 838 2224 ut
859 2166 949 2225 urbis
971 2167 1073 2242 ipsius
1096 2184 1211 2225 nomen
1235 2165 1417 2241 (10221111.

199 2257 310 2337 Τεγέας
340 2303 374 2309 -
407 2263 495 2339 103,2
524 2265 580 2323 lin.
613 2261 757 2342 Τεγέαν),
789 2265 898 2324 eadem
927 2265 1002 2324 sede
1030 2282 1160 2324 servare
1187 2265 1219 2322 in
1248 2263 1422 2323 imitatione

196 2361 290 2434 atque
323 2361 355 2418 in
388 2361 617 2437 epigrammate
647 2363 789 2423 subiecto
822 2361 927 2440 (102,3
959 2366 1033 2422 ante
1064 2381 1230 2422 caesuram
1260 2359 1351 2420 πόλιν
1382 2394 1422 2402 -

197 2455 285 2532 103,3
306 2461 382 2516 ante
402 2477 568 2519 caesuram
588 2457 733 2539 πόληος).
832 2488 834 2491 ·

233 2555 352 2614 Auctor
380 2557 478 2630 igitur
505 2559 744 2634 epigrammatis
768 2558 824 2618 103
847 2559 907 2617 sibi
929 2561 1155 2635 proposuerat,
1187 2560 1223 2617 ut
1244 2559 1421 2618 secundum

196 2653 435 2727 epigrammatis
465 2655 637 2715 Simonidei
665 2657 822 2731 Tegeatici
852 2656 908 2715 102
935 2657 1115 2731 exemplum
1137 2674 1257 2715 novum
1279 2656 1420 2714 eiusdem

195 2753 376 2825 argumenti
398 2754 546 2813 conderet
567 2755 773 2830 epigramma.
808 2755 918 2828 Neque
938 2758 1045 2814 tamen
1067 2755 1202 2813 aliorum
1226 2755 1421 2814 Simonideo-

195 2865 264 2906 rum
294 2851 561 2925 epigrammatum
591 2852 764 2911 sententias
791 2853 920 2926 sprevit.
956 2853 1142 2911 Adhortatio
1162 2853 1269 2927 inepta
1290 2851 1420 2930 μνησώ-

194 2944 278 3020 μεθα
303 2948 473 3024 desumpta
494 2967 565 3009 esse
587 2951 712 3009 videtur
732 2969 772 3009 ex
795 2951 976 3010 Simoniden
997 2969 1046 3026 ep.
1069 2951 1125 3009 112
1148 2969 1177 3009 r.
1201 2952 1216 3009 1
1239 2949 1417 3029 μνήσομαι,

193 3044 247 3102 ubi
276 3046 374 3104 huius
403 3047 475 3104 miri
502 3048 624 3106 exordii
652 3049 759 3107 statim
788 3049 933 3122 sequitur
960 3048 1126 3123 explicatio
1155 3045 1193 3107 οὐ
1222 3045 1295 3125 γὰρ
1320 3047 1421 3107 ἔοικεν

194 3139 366 3220 ἀνώνυμον
394 3141 509 3205 ἐνθάδε
536 3143 661 3205 κεῖσθαι
691 3192 696 3205 .
723 3191 728 3204 .
756 3192 762 3205 .
789 3192 795 3205 .
827 3143 1031 3224 Ξανθίππην,
1063 3164 1145 3221 quae
1172 3147 1307 3222 omissa,
1339 3147 1421 3206 sicut

194 3239 349 3300 eiusmodi
384 3244 540 3302 sententia
575 3245 713 3303 causalis
747 3245 780 3303 in
817 3245 997 3304 Mnasalcae
1031 3245 1206 3305 imitatione
1239 3245 1420 3304 Simoniden

194 3338 445 3415 Eurymedontia
482 3338 516 3418 (ξ
555 3339 648 3417 127),
687 3343 793 3418 arguit
824 3343 1025 3402 imitatorem.
1070 3343 1188 3401 Mortui
1219 3343 1421 3418 appellantur

193 3434 374 3515 εὐθόμαχοι
401 3435 529 3515 ἄνδρες,
561 3439 675 3498 deinde
702 3438 858 3518 αἰχμηιαί.
892 3442 960 3500 Ηοα
988 3441 1180 3500 vocabulum
1209 3441 1319 3500 eadem
1347 3441 1421 3499 sede

193 3534 309 3610 legitur
336 3535 369 3592 in
398 3553 446 3610 ep.
475 3537 727 3620 Eurymedontio
756 3536 830 3612 105,
861 3539 947 3612 quod
977 3539 1172 3598 Mnasalcam
1200 3539 1233 3596 in
1263 3539 1339 3597 Sim.
1363 3539 1420 3597 106

192 3632 350 3692 imitatum
386 3651 456 3693 esse
491 3634 650 3709 vidimuS,
692 3635 747 3695 ubi
782 3634 895 3696 Graeci
929 3637 1022 3694 hasta
1057 3637 1203 3695 cominus
1238 3645 1420 3711 pugnantes

192 3733 401 3805 opponuntur
431 3735 494 3798 τοῖς
524 3730 715 3810 ιαξοιμόροις
748 3730 883 3811 Μήόοις.
916 3734 1001 3794 Casu
1033 3736 1140 3793 autem
1171 3751 1235 3791 non
1268 3734 1420 3792 accidisse

193 3828 334 3904 videtur,
365 3831 400 3888 ut
427 3829 539 3888 iisdem
568 3827 758 3908 ιοξοιμόροις
786 3827 915 3908 Μήδοις
943 3832 975 3891 in
1000 3832 1061 3891 alio
1082 3849 1130 3906 ep.
1154 3831 1335 3890 Simoniden
1359 3829 1416 3908 (sc.

192 3943 240 4000 ep.
266 3927 506 3986 Corinthiarum
535 3926 730 4004 ἱεροδούλων
756 3929 828 4004 137,
860 3929 942 3988 trad.
966 3929 987 3988 S
1011 3930 1074 3988 vid.
1095 3929 1193 4003 infra)
1216 3933 1420 4003 opponantur

193 4013 303 4083 Graeci
326 4022 514 4103 εὐθόμαχοι.
537 4027 650 4100 Itaque
668 4030 779 4085 auctor
797 4028 899 4085 nostri
915 4027 1071 4103 Tegeatiei
1089 4027 1328 4102 epigrammatis
1346 4044 1419 4085 cum

193 4124 222 4179 et
243 4119 451 4200 εὐθνμόχους
472 4125 501 4182 et
522 4119 678 4201 αἰχμηιάς
699 4128 826 4183 vocaret
848 4125 1019 4200 Tegeatae,
1049 4142 1103 4182 eos
1125 4126 1262 4197 utroque
1282 4124 1420 4198 epitheto

194 4222 297 4278 mente
324 4221 514 4294 opposuisse
542 4221 667 4279 videtur
696 4222 842 4281 hostibus
868 4219 1065 4298 ιοξοφόροις.
1099 4223 1143 4280 De
1164 4223 1273 4280 eadem
1294 4224 1419 4298 opposi-

193 4317 277 4376 tione
298 4336 317 4376 a
339 4319 500 4378 Mnasalca
521 4319 554 4376 in
575 4337 623 4394 ep.
648 4319 704 4379 106
726 4320 868 4379 adhibita
890 4321 953 4379 iam
974 4321 1040 4378 dixi
1064 4319 1083 4397 ᾗ
1108 4321 1174 4379 127.
1214 4321 1419 4395 Participium

194 4412 344 4492 ῥεόμενοι
374 4415 564 4475 Simonideis
593 4417 749 4476 familiare
776 4418 857 4476 redit
885 4419 979 4476 etiam
1008 4420 1040 4477 in
1063 4418 1243 4478 Mnasalcae
1264 4419 1419 4494 epigram·

194 4513 286 4571 matis
308 4503 588 4589 Thermopylensis
610 4516 681 4574 VII.
700 4515 758 4573 242
777 4534 873 4575 versu
892 4517 1033 4575 secundo
1053 4515 1088 4593 (ἓ
1110 4515 1191 4591 125).
1217 4517 1420 4590 Quamquam

194 4611 335 4669 nondum
360 4611 514 4687 vidimus,
539 4614 701 4687 quodnam
723 4603 919 4688 epigramma
944 4614 1162 4672 Simonideum
1185 4616 1292 4674 versui
1309 4616 1421 4674 ultimo

195 4707 371 4766 subiectum
393 4726 463 4766 esse
484 4710 646 4785 videatur,
678 4729 782 4785 neque
799 4711 831 4768 in
850 4712 1034 4770 lemmatum
1053 4713 1269 4771 condicionem
1288 4713 1420 4787 inquisi-

195 4805 314 4881 vimuS,
346 4807 450 4864 tamen
473 4807 536 4865 iam
558 4825 660 4885 nuno,
691 4810 818 4884 opinor,
847 4809 996 4867 constitui
1017 4810 1087 4868 lieet
1108 4811 1191 4868 inter
1212 4827 1282 4885 epp.
1304 4811 1420 4886 Tegea·
