3516 5712
380 461 456 536 Cap.
485 463 527 521 ll.
974 462 1010 522 72

379 649 427 706 est
459 648 632 708 Collectori.
673 649 799 707 Etenim
830 648 875 723 is,
910 666 982 706 cum
1016 648 1166 724 Syllogeu
1198 650 1385 725 adornaret,
1421 649 1606 709 recordatus

379 764 450 806 esse
478 746 604 805 videtur
631 746 716 822 apud
746 746 944 805 Aristotelem
972 746 1117 821 praeberi
1147 764 1277 805 versum
1305 747 1545 823 epigrammatis
1574 747 1605 806 in

379 845 584 904 Archedicam
615 842 700 920 (111)
731 861 808 904 carn
836 841 1032 904 Simonidis
1059 842 1200 904 nomine
1228 842 1466 921 coniunctam,
1501 846 1603 920 quod,

380 942 485 1018 quoad
508 942 664 1017 sciamus,
689 942 750 1001 11101
773 942 805 1000 111
827 942 1030 1001 celeberrimo
1051 943 1119 1002 1000
1141 943 1337 1018 Herodoteo,
1363 960 1525 1018 nusquam
1544 961 1605 1002 usu

380 1040 535 1100 veniebat.
572 1041 652 1100 Cum
684 1041 897 1115 epigramma,
929 1041 1014 1114 quod
1043 1043 1144 1098 totum
1173 1057 1212 1098 ex
1240 1041 1425 1115 Thucydide
1455 1039 1521 1117 (VI.
1554 1038 1604 1116 59)

380 1155 506 1197 sumere
530 1141 669 1214 poterat,
701 1138 887 1214 recepisset,
917 1138 1012 1198 etiam
1036 1137 1225 1197 Simonideis
1247 1138 1453 1197 inserendum
1475 1138 1606 1197 duxisse

381 1236 506 1295 videtur
533 1237 729 1312 epigramma
757 1236 789 1294 in
820 1236 1060 1312 Olympionicen
1082 1235 1259 1312 quendam,
1291 1237 1383 1295 cuius
1404 1254 1490 1295 unus
1512 1237 1605 1295 hexa-

379 1335 478 1392 meter
506 1351 546 1392 ne
573 1334 740 1392 absolutus
769 1334 898 1408 quidem
927 1333 1118 1394 Archedicae
1138 1333 1359 1409 epigrammati
1381 1334 1467 1409 apud
1487 1334 1605 1392 Aristo-

316 1471 323 1485 .
381 1432 473 1491 telem
494 1432 716 1507 praecedebat,
743 1433 798 1492 sed
820 1433 912 1492 cuius
933 1434 1034 1491 10111111
1055 1432 1213 1491 distichon
1235 1432 1331 1508 paulo
1352 1434 1426 1492 ante
1449 1430 1487 1508 (Ι.
1507 1433 1534 1491 7.
1553 1430 1604 1506 32)

380 1532 441 1606 legi
462 1549 526 1589 11011
547 1531 726 1606 ignorabat.

420 1630 533 1704 Itaque
563 1629 735 1704 terminus,
762 1629 846 1705 post
877 1646 972 1703 quem
1004 1628 1132 1704 Sylloge
1163 1627 1317 1687 adornata
1345 1645 1415 1688 esse
1443 1615 1617 1702 videatur,

380 1743 475 1801 quem
503 1726 566 1785 iam
595 1743 694 1802 supra
725 1724 759 1803 (ξ
789 1725 841 1802 35)
872 1729 944 1800 post
972 1727 1093 1802 Ephori
1114 1744 1242 1802 pugnae
1266 1725 1457 1806 Salaminiae
1478 1734 1606 1784 enarra·

380 1824 496 1882 tionem
514 1824 697 1899 ponendum
714 1841 784 1882 esse
800 1825 962 1899 apparuit,
985 1842 1070 1883 nunc
1086 1827 1158 1899 post
1174 1825 1349 1883 Aristotelis
1365 1824 1607 1883 Rhetoriccrum

379 1922 497 1980 librum
527 1923 667 1997 primum
699 1922 850 1980 defertur.
887 1923 996 1980 Restat
1028 1925 1151 1997 autem,
1186 1925 1221 1981 ut
1251 1922 1419 1997 explicem,
1454 1921 1509 1996 qui
1537 1921 1607 1979 11911

379 2021 550 2095 potuerit,
565 2024 601 2079 ut
621 2021 730 2080 eodem
752 2020 836 2095 loeo,
868 2037 907 2078 ex
928 2036 992 2094 quo
1013 2022 1238 2095 argumentum
1261 2019 1432 2094 petivimus
1456 2018 1606 2094 Syllogeu

380 2118 545 2177 Aristotele
575 2135 645 2177 esse
676 2117 902 2192 posteriorem,
937 2117 988 2175 hic
1019 2117 1257 2192 epigrammatis
1290 2116 1345 2175 111
1379 2116 1487 2174 versui
1515 2116 1608 2174 191110

379 2215 503 2275 adicere
533 2216 671 2290 potuerit
702 2233 817 2274 nomen
853 2214 1042 2289 SimonidiS,
1077 2232 1141 2289 quo
1169 2216 1253 2273 caret
1281 2215 1476 2290 epigramma
1505 2215 1607 2272 totum

380 2313 466 2387 apud
502 2313 719 2388 Thucydidem
756 2313 810 2370 Vl.
850 2311 897 2371 59.
943 2312 1011 2370 Iam
1049 2311 1187 2370 vidimus
1226 2310 1245 2389 ἓ
1283 2312 1320 2370 22
1358 2311 1498 2370 Kaibelic
1537 2311 1606 2368 aliis

383 2408 795 2485 (Schmidt—Reitzenstein
828 2410 902 2468 PW.
918 2409 1033 2468 -ΒΕ,
1069 2410 1094 2468 Ι.
1131 2407 1222 2485 2380)
1256 2409 1359 2484 ipsam
1391 2409 1606 2468 condicionem

382 2508 464 2566 inter
485 2510 659 2583 utrumque
679 2509 783 2567 locum
804 2508 899 2567 talem
921 2525 991 2567 esse
1013 2509 1131 2583 visam,
1156 2511 1192 2566 ut
1216 2507 1366 2584 Syllogen
1388 2506 1470 2566 ante
1489 2507 1606 2566 Aristo·

383 2606 475 2664 telem
496 2607 717 2664 concinnatam
739 2623 810 2665 9009
830 2606 1067 2665 constituerent.

421 2703 618 2778 Aristotelea,
643 2704 813 2778 postquam
835 2704 927 2762 Rhet.
952 2703 977 2761 Ι.
1003 2703 1030 2762 9.
1057 2703 1072 2761 1
1096 2720 1166 2778 sqq.
1191 2703 1343 2761 disseruit
1364 2703 1403 2761 de
1423 2702 1558 2761 honesto
1578 2704 1607 2760 et

382 2801 484 2876 turpi,
509 2805 618 2876 utpote
639 2819 721 2876 quae
741 2803 905 2861 materiem
923 2801 1046 2861 dicendi
1065 2801 1218 2876 praebent
1234 2801 1290 2876 110,
1315 2801 1372 2876 qui
1389 2800 1541 2859 laudandi
1559 2800 1607 2858 vel

381 2899 582 2973 vituperandi
597 2917 694 2960 causa
707 2901 804 2960 verba
817 2901 952 2975 iaciunt,
971 2899 1157 2975 definiitque
1169 2899 1313 2974 singulas
1326 2899 1460 2957 virtutes
1472 2901 1502 2957 et
1515 2897 1603 2973 vitia,

380 2997 532 3072 praecipit
559 2999 677 3057 oratori
706 3016 778 3058 cum
805 2999 882 3074 alia,
914 3015 997 3073 quae
1017 2998 1050 3055 in
1072 2996 1254 3056 laudatione
1274 2997 1302 3055 ei
1324 2997 1607 3056 animadvertenda

321 3171 324 3182 Ι
380 3097 472 3170 011111,
503 3098 572 3154 lum
595 3098 837 3156 memorandum
858 3097 886 3156 ei
907 3113 993 3172 esse,
1024 3096 1050 3154 'si
1073 3096 1145 3170 quis
1167 3095 1281 3155 melius
1302 3096 1332 3154 et
1353 3095 1519 3170 pulchrius
1540 3113 1607 3154 rem

380 3193 513 3268 gesserit
541 3211 638 3268 quam
665 3195 726 3269 ipsi
755 3195 925 3254 convenire
950 3193 1132 3252 videbatur:
1163 3193 1213 3268 ut,
1246 3193 1273 3250 si
1295 3193 1368 3267 quis
1389 3193 1422 3251 in
1444 3191 1607 3267 prosperis

380 3290 506 3365 quidem
543 3292 639 3351 rebus
673 3294 873 3367 moderatus,
912 3293 944 3349 in
981 3291 1126 3350 adversis
1162 3309 1237 3350 vero
1272 3308 1389 3366 magno
1423 3293 1454 3350 et
1484 3279 1613 3349 excelso

380 3389 486 3448 animo
513 3393 576 3465 est,
609 3391 672 3449 ιιιι1
694 3387 876 3466 potentior
903 3388 1015 3448 facias
1044 3390 1142 3448 lanio
1172 3385 1318 3466 aequior
1347 3389 1378 3447 ei
1393 3385 1608 3464 placabilior

382 3485 414 3563 (ἢ
440 3485 559 3563 μείζων
585 3483 768 3565 γιγνόμενος
793 3483 923 3563 βελτίων
948 3484 1001 3545 καὶ
1026 3483 1378 3564 καταλλακτικώτερος).
1414 3487 1483 3546 Hoc
1504 3486 1607 3546 tribus

380 3584 517 3643 illustrat
538 3586 707 3661 exemplis:
734 3587 874 3644 τοιοῦτον
897 3582 931 3644 δὲ

500 3681 540 3742 τὸ
569 3687 636 3744 τοῦ
661 3680 917 3761 Ἰφικράτους
1008 3681 1052 3752 ’ἐξ
1073 3681 1150 3742 οἴων
1172 3681 1214 3748 εἰς
1235 3679 1294 3742 οἷοι’
1441 3680 1495 3742 καὶ

500 3778 540 3840 τὸ
568 3785 636 3841 τοῦ
660 3769 980 3858 Ὀλυμπιονίκου
1010 3777 1144 3857 πρόσθε
1267 3778 1420 3858 τραχεῖαν
1442 3778 1495 3841 καὶ

500 3875 540 3938 τὸ
568 3883 638 3939 τοῦ
665 3876 905 3955 Σιμωνίδου
1011 3879 1039 3957 ‘ii
1164 3875 1346 3955 τυράννων.

380 3976 582 4051 Quamquam
604 3977 745 4036 condicio
767 3977 987 4037 interdictum
1007 3994 1176 4035 carmeuve
1194 3980 1289 4052 atque
1308 3994 1424 4035 nomen
1442 3978 1607 4052 proprium

380 4077 427 4132 ter
456 4075 601 4149 genetivo
630 4092 706 4134 casu
736 4077 783 4134 901
810 4075 965 4150 indicata,
997 4078 1102 4134 tamen
1132 4076 1192 4135 alia
1221 4076 1310 4135 aliter
1339 4078 1387 4134 est
1407 4075 1604 4150 explicanda.

380 4172 460 4230 Nam
489 4190 561 4231 cum
592 4174 697 4232 verbis
725 4170 759 4232 τό
788 4176 842 4232 τοῦ
872 4169 1058 4250 Σιμωνίδου
1084 4174 1282 4250 significetur
1306 4173 1500 4234 Simonidem
1523 4191 1607 4233 aue·

380 4273 507 4328 torem
542 4288 613 4330 esse
647 4272 887 4347 epigrammatis
922 4272 962 4330 in
997 4272 1221 4348 Archedioam,
1260 4268 1295 4331 τὸ
1330 4274 1385 4330 τοῦ
1412 4267 1609 4350 Ἰφικράτους

379 4368 589 4444 intellegenda
620 4372 697 4428 sunt
725 4369 764 4428 de
795 4371 1027 4445 Iphicratis
1059 4371 1168 4430 dicto
1199 4371 1245 4429 de
1277 4387 1318 4428 se
1350 4370 1455 4456 ipsq,
1491 4366 1525 4429 τὸ
1554 4372 1607 4429 τοῦ

374 4462 622 4544 Ὀλυμπιονίκου
661 4468 835 4542 respiciunt
874 4469 1087 4527 cuiusdam
1126 4485 1256 4526 versum
1290 4469 1330 4526 111
1368 4467 1607 4544 Olympionicen

380 4565 576 4639 quendam.
608 4566 791 4625 Aristoteles
813 4569 918 4625 autem
942 4583 1119 4640 numquam
1141 4566 1224 4625 dicto
1245 4566 1414 4640 Iphicratis
1437 4567 1609 4641 versuique

380 4661 618 4738 Olympionicas
640 4664 823 4739 genetivum
844 4665 955 4723 latiore
977 4681 1074 4722 sensu
1097 4664 1312 4739 adiunxisset,
1337 4663 1399 4721 nisi
1421 4665 1517 4739 paulo
1536 4668 1609 4723 ante

382 4758 422 4835 (I.
447 4760 474 4818 7.
500 4760 551 4836 32)
576 4762 697 4836 ipsein
720 4761 875 4821 eiusmodi
898 4763 1173 4837 argumentatione
1194 4763 1390 4838 epigramma
1412 4761 1445 4819 in
1468 4761 1608 4838 Olympi·
