3572 5716
812 498 868 585 en
1338 502 1357 583 ς
1383 499 1450 564 139.

230 693 410 756 simularat
431 691 654 770 epanaphorae
675 693 706 751 in
726 697 997 768 pentametrorum
1016 692 1145 752 exordio
1166 693 1209 770 (v.
1227 694 1246 752 2
1266 690 1369 770 φῶτ’.
1390 738 1396 751 .
1417 738 1422 751 .
1443 738 1450 751 .

230 814 259 854 v.
289 795 306 852 4
337 791 461 870 φῶτας)
495 792 705 850 eliminandae
735 792 859 850 occasio
893 791 945 867 (cl.
978 809 1008 848 n.
1042 789 1104 866 15).
1142 790 1181 848 In
1214 791 1452 866 epigrammatis

228 892 312 951 exitu
343 891 430 949 haud
462 890 592 948 feliciter
624 907 682 963 pro
715 885 919 966 Φερσεφόνης
950 886 1076 948 ἀδύτων
1107 889 1194 946 dedit
1226 886 1263 947 Φ.
1295 885 1454 965 θαλάμων

231 990 274 1066 (n.
302 987 374 1064 23),
404 987 459 1063 qui
488 987 728 1046 commemorari
757 987 858 1044 solent
886 987 919 1044 in
947 1003 1017 1060 epp.
1046 986 1079 1044 in
1106 981 1239 1045 iuvenes
1268 987 1455 1060 puellasque

228 1089 430 1162 praematura
456 1079 562 1144 'morte
594 1087 667 1142 ante
698 1084 827 1159 nuptias
856 1085 1014 1158 abreptos,
1049 1084 1088 1140 ln
1115 1100 1164 1157 ep.
1191 1083 1247 1142 138
1276 1084 1455 1142 Pausanias

227 1186 360 1259 loquens
388 1182 600 1241 inducebatur
630 1180 675 1257 (n.
704 1181 758 1256 10,
785 1179 853 1256 11),
885 1181 917 1239 in
939 1181 1071 1240 Acronis
1093 1181 1322 1256 epigrammate
1344 1181 1454 1239 allitte-

228 1282 535 1356 ratiopessumdata
557 1283 605 1338 est
628 1278 674 1355 (n.
696 1279 759 1354 24).

267 1380 306 1438 In
326 1379 496 1438 dialecticis
519 1378 637 1435 nullam
661 1379 779 1436 certam
801 1377 955 1435 rationem
978 1379 1106 1436 secutus
1128 1379 1176 1435 est
1192 1377 1345 1435 Collector
1360 1379 1456 1451 atque

228 1477 270 1536 ita
290 1479 339 1534 est
360 1477 525 1549 versatus,
549 1476 585 1532 ut
606 1491 693 1532 nunc
714 1474 834 1532 formas
856 1474 1035 1532 traditionis
1058 1475 1133 1532 Ain
1150 1475 1242 1533 aliam
1258 1477 1456 1532 converteret

228 1574 395 1632 dialectum
418 1590 504 1631 nunc
525 1570 603 1631 adeo
625 1589 679 1631 eas
701 1572 838 1646 formas,
871 1573 1005 1646 quaein
1028 1572 1080 1631 illa
1103 1590 1165 1631 non
1189 1575 1272 1630 recte
1293 1573 1455 1632 traderen-

228 1674 296 1745 tur,
321 1671 457 1729 iutactas
472 1670 673 1743 relinqueret.
699 1669 737 1726 In
754 1669 934 1728 Pausaniae
948 1687 996 1745 ep.
1016 1670 1073 1729 138
1088 1671 1156 1728 iure
1171 1671 1291 1728 formas
1308 1671 1452 1745 DoricaS,

228 1787 310 1843 quae
331 1769 417 1844 apud
438 1768 657 1844 Thucydidem
679 1767 799 1826 Atticae
819 1771 927 1843 erant,
960 1769 1181 1844 revocavitll).
1216 1769 1255 1826 In
1278 1769 1456 1827 Pausaniae

229 1867 339 1924 medici
361 1866 589 1941 epigrammate
609 1883 667 1940 pro
689 1861 887 1945 Παυσανίην
909 1867 1036 1941 scripsit
1055 1863 1271 1942 Παυσανίαν,
1296 1867 1328 1924 in
1344 1868 1455 1925 ceteris

229 1965 360 2023 dialecto
382 1964 490 2023 Ionica
512 1965 639 2022 servata
661 1965 757 2036 atque
778 1963 857 2022 adeo
878 1947 1126 2024 invectaforma
1148 1961 1294 2030 νούσοις
1316 1963 1362 2040 (n.
1388 1962 1451 2039 22).

229 2062 430 2136 Quamquam
453 2063 485 2120 in
507 2061 746 2136 epigrammatis
769 2061 823 2119 141
847 2062 983 2121 disticho
1004 2064 1117 2136 altero,
1142 2062 1228 2136 quod
1244 2064 1345 2120 totum
1362 2062 1455 2120 refin-

229 2161 291 2235 xit,
324 2161 437 2219 Dorica
457 2177 538 2218 usus
560 2162 609 2218 est
629 2143 778 2234 dialect0,
803 2159 939 2219 formam
962 2158 1060 2238 φημί
1080 2160 1113 2218 in
1135 2177 1232 2219 versu
1254 2161 1357 2234 primo
1378 2161 1455 2218 inte·

229 2276 320 2333 gram
340 2258 373 2316 in
395 2258 597 2316 traditionem
621 2256 642 2316 S
666 2257 839 2316 transtulit.
865 2259 969 2333 Inep.
988 2259 1026 2318 96
1044 2259 1077 2316 in
1095 2259 1184 2317 hiatu
1202 2258 1338 2316 formam
1356 2256 1453 2333 ξένε,

230 2373 326 2430 quam
348 2357 381 2414 in
403 2357 484 2414 trad.
502 2356 528 2413 A
548 2373 587 2414 ex
610 2355 691 2424 ξένε
713 2355 785 2414 sine
802 2356 931 2415 elisione
953 2357 1070 2432 scripta
1091 2359 1193 2415 ortam
1215 2372 1285 2414 esse
1306 2355 1458 2413 intellexit

230 2455 434 2513 Wilamowitz
464 2453 517 2530 (ci.
547 2452 566 2531 ᾖ
596 2454 634 2514 34
663 2472 694 2528 p.
719 2451 789 2529 68),
821 2455 962 2514 servavit
982 2456 1016 2514 in
1037 2453 1118 2515 trad.
1143 2455 1182 2530 S,
1207 2471 1403 2528 quamquam
1425 2453 1456 2510 in

230 2553 361 2626 proclivi
389 2554 457 2611 erat
485 2552 624 2610 scribere
653 2551 758 2628 ξεῖν’,
790 2570 886 2626 quam
916 2553 1052 2612 formam
1076 2553 1197 2627 ipsein
1219 2551 1458 2628 epigrammatis

230 2649 268 2708 92
290 2649 371 2708 trad.
394 2650 432 2706 A¹
455 2651 605 2724 praetulit
624 2650 750 2708 lectioni
771 2648 809 2708 Α1
832 2650 913 2720 ξένε
936 2651 988 2727 (cf.
1012 2649 1031 2727 5
1054 2648 1117 2726 44).
1156 2651 1225 2709 Non
1248 2649 1336 2709 casui
1358 2649 1458 2707 tribu·

230 2748 349 2806 endum
372 2750 442 2822 est,
473 2748 558 2822 quod
587 2748 619 2806 in
649 2765 696 2822 ep.
723 2748 759 2807 91
789 2766 863 2807 cum
884 2749 917 2807 in
940 2749 1092 2807 Herodoti
1114 2748 1276 2807 codicibus
1298 2747 1458 2823 primariis

230 2846 296 2904 fere
323 2846 473 2904 omnibus
502 2848 569 2904 tum
598 2845 631 2903 in
660 2845 754 2903 Anth.
780 2847 846 2904 Pal.
873 2845 919 2922 (in
941 2863 1038 2920 quam
1060 2864 1108 2920 ep.
1133 2863 1172 2904 ex
1197 2845 1324 2920 Sylloge
1345 2862 1458 2920 propa·
1503 2877 1505 2886 ν

232 2946 359 3018 gatum,
384 2961 447 3002 non
470 2961 508 3001 ex
531 2943 693 3001 Herodoto
714 2944 905 3002 translatum
927 2945 991 3019 est,
1016 2943 1055 3002 cf.
1078 2941 1098 3020 ᾖ
1121 2942 1185 3019 97),
1210 2943 1332 3001 formae
1354 2938 1457 3000 Πελο-

229 3039 403 3101 ποννάσου
434 3044 464 3100 ct
496 3039 616 3117 τέτορες
648 3041 774 3116 Dorice,
810 3041 916 3100 Ionice
947 3041 1069 3100 formae
1097 3037 1170 3118 τῇὸε
1198 3043 1228 3098 et
1255 3024 1460 3118 τρίηκοσίαις

230 3139 437 3214 praebentur;
457 3139 655 3198 demonstrat
669 3139 746 3197 haec
761 3155 812 3197 res
827 3139 890 3198 iam
906 3139 1088 3198 Collectoris
1104 3141 1221 3213 aetate,
1242 3141 1378 3196 exeunte
1392 3156 1458 3198 sae-

230 3239 301 3296 culo
319 3239 448 3311 quarto,
471 3237 557 3312 apud
578 3238 776 3295 Herodotum
795 3237 853 3295 has
871 3237 992 3295 formas
1008 3237 1097 3295 iuxta
1112 3237 1183 3295 illas
1200 3235 1342 3294 extitisse
1353 3233 1391 3312 ¹2)
1405 3235 1455 3312 13).

262 3380 297 3440 11)
333 3380 434 3437 Quibus
458 3380 625 3429 Hicks-Hill
647 3378 680 3428 16
702 3371 813 3443 receptis
835 3380 938 3430 abicere
955 3383 1046 3430 tamen
1065 3381 1216 3430 debuerunt
1233 3381 1344 3428 alteram
1362 3379 1459 3428 discre-

230 3465 347 3528 pantiam
373 3465 444 3514 inter
470 3464 520 3513 AP.
547 3470 574 3513 et
599 3464 681 3515 Thuc.
707 3466 809 3514 obviam
834 3480 867 3514 sc.
893 3465 1003 3528 primam
1028 3481 1166 3529 personam
1192 3460 1282 3513 ὤλεσα
1290 3500 1297 3524 ,
1323 3461 1458 3528 ἀνέθηκα.

231 3549 310 3598 Recte
327 3550 514 3612 inscriptionis
532 3554 635 3598 textum
653 3549 791 3598 constituit
810 3550 903 3612 Bergk.

262 3631 298 3694 12)
333 3633 369 3681 Ex
394 3634 517 3682 undecim
540 3633 633 3682 Steinii
657 3633 790 3682 codicibus
815 3634 946 3696 primariis
970 3634 1021 3682 duo
1040 3635 1063 3683 R
1082 3642 1109 3684 ct
1126 3635 1144 3684 d
1162 3639 1268 3683 tantum
1289 3633 1388 3683 liabent
1405 3635 1459 3682 for-

230 3731 301 3766 mam
326 3713 519 3780 πελοττονήσου
546 3715 622 3779 (sic),
648 3732 680 3766 ex
697 3718 853 3766 minoribus
880 3733 950 3767 unus
976 3733 988 3766 z
1014 3714 1230 3782 σελοττοννήοου.
1259 3718 1333 3781 Apud
1361 3719 1460 3767 Atticos

229 3801 315 3862 (Diod.
340 3799 442 3864 [Eph.],
466 3802 499 3873 ci.
523 3799 535 3862 ἓ
559 3801 605 3863 48;
630 3802 750 3865 Aristid,
774 3802 807 3850 cf.
831 3800 843 3863 ἕ
867 3802 914 3865 553
937 3803 1015 3852 inscr.
1040 3802 1102 3852 om.
1126 3803 1158 3852 ΙΙ.
1182 3800 1261 3864 3111,
1285 3803 1317 3852 cf.
1341 3800 1354 3863 ἓ
1374 3801 1460 3866 1223)

230 3887 359 3934 nimirum
377 3882 472 3949 -νήσου
492 3887 646 3949 praebetur,
670 3887 739 3935 idem
758 3887 827 3949 apud
846 3887 1000 3936 Planudcm.
1028 3888 1077 3936 Pro
1095 3883 1211 3950 τέτορες,
1229 3887 1373 3950 quominus
1391 3887 1460 3949 apud

230 3971 289 4019 illos
312 3967 427 4033 τέτταρες
451 3969 624 4032 scriberetur,
648 3969 770 4018 obstabat
794 3975 925 4033 metrum,
948 3971 974 4019 id
1000 3985 1060 4039 vero
1084 3976 1157 4020 extat
1180 3958 1207 4020 in
1232 3972 1305 4021 codd.
1324 3972 1462 4020 Aristideis

229 4053 274 4115 (ci.
293 4052 306 4115 ἓ
323 4053 353 4103 61
373 4070 396 4118 p.
412 4053 486 4116 116);
505 4055 531 4104 in
550 4055 715 4118 autographo
733 4055 859 4104 Planudis
877 4053 1032 4118 (Marciano)
1051 4056 1120 4105 idem
1139 4055 1296 4105 vocabulum
1314 4056 1341 4104 in
1360 4051 1460 4118 τέτορες

229 4145 377 4189 correctum
396 4146 443 4191 est.
471 4140 508 4188 De
525 4140 638 4188 lectione
656 4135 827 4200 τριακοσίοις
845 4140 914 4201 apud
933 4139 1004 4187 Lasc.
1024 4137 1070 4190 Ιε.2
1088 4140 1137 4189 vid.
1156 4137 1169 4200 ἓ
1185 4139 1235 4188 120
1253 4155 1277 4202 p.
1295 4139 1352 4190 203.

263 4222 299 4285 13)
334 4225 481 4275 Dialectum
507 4225 688 4273 traditionum
712 4224 934 4286 epigrammatum
956 4225 1130 4274 constituenti
1148 4226 1218 4274 haud
1236 4227 1302 4274 levis
1320 4224 1462 4275 difficultas

230 4309 292 4358 inde
310 4310 401 4372 oritur,
419 4309 490 4373 quod
506 4308 613 4370 saepius
630 4323 691 4358 cum
709 4309 737 4356 in
755 4309 821 4357 trad.
841 4309 861 4356 Α
880 4313 939 4357 tum
958 4309 984 4357 in
1003 4307 1020 4357 S
1038 4323 1054 4357 a
1072 4309 1185 4358 librariis
1202 4310 1350 4359 traditionis
1365 4310 1461 4360 dialec-

216 4385 277 4442 'tns
297 4395 464 4456 pessumdata
483 4398 530 4442 est.
559 4393 612 4455 Eg.
630 4407 670 4455 ep.
688 4390 721 4441 98
738 4392 765 4440 in
785 4392 838 4442 Pal.
856 4391 897 4453 (S)
915 4392 1024 4442 exhibet
1040 4389 1219 4456 ἐλευθερίης,
1243 4395 1312 4456 apud
1331 4395 1398 4443 Plut.
1417 4392 1461 4454 (Α)

230 4474 408 4540 ἐλευθερίας,
426 4493 508 4542 quam
528 4477 639 4525 formam
659 4476 830 4526 Collectorem
849 4478 980 4540 integram
999 4478 1127 4540 recepisse
1143 4479 1218 4526 docet
1233 4479 1301 4527 alter
1314 4479 1462 4527 traditionis

231 4562 248 4612 S
266 4563 342 4611 testis
359 4563 503 4612 Favorinus
520 4557 674 4624 (ἐλευθερία
682 4563 714 4622 ς).
746 4560 844 4610 Contra
862 4562 888 4609 in
907 4577 946 4624 ep.
964 4559 1014 4609 134
1032 4566 1122 4610 textus
1140 4563 1161 4610 Α
1179 4561 1273 4624 (Plut.)
1294 4563 1355 4611 vitio
1372 4562 1462 4626 inqui·

231 4654 311 4697 natus
330 4653 369 4697 est
386 4663 420 4697 sc.
437 4642 561 4712 μνάματα
579 4643 739 4710 ναυμαχίης
757 4661 803 4709 pro
822 4663 879 4707 -ας,
897 4647 966 4710 quod
986 4647 1013 4695 in
1032 4646 1049 4696 S
1065 4645 1143 4709 (Pal.)
1158 4648 1272 4696 servavit
1286 4648 1463 4697 Collector.-

232 4733 366 4781 Dialectus
390 4733 613 4796 epigrammatum
636 4731 754 4793 ipsorum
772 4731 881 4780 demum
900 4731 1025 4780 constitui
1043 4736 1142 4795 potest,
1166 4736 1307 4795 postquam
1325 4733 1462 4783 incorum

233 4817 360 4882 originem
379 4817 538 4885 inquisitum
557 4820 605 4865 est.
631 4815 668 4886 De
686 4816 736 4866 hac
754 4831 781 4864 re
799 4814 946 4864 videbimus
964 4816 991 4864 in
1010 4817 1094 4864 altera
1112 4816 1192 4866 huius
1209 4831 1303 4867 comm.
1322 4821 1403 4880 parte.

1330 4899 1363 4952 16
