3546 5724
411 506 486 582 Gap.
512 507 537 565 1.
1000 499 1056 565 24'

409 694 534 752 melium
556 694 588 752 in
610 694 771 752 communi
794 695 939 769 sepulcro
960 695 1112 768 excitare,
1139 711 1242 768 neque
1255 695 1318 752 iam
1334 695 1630 770 poterantAmphic-

409 795 521 868 tyones
550 792 763 850 Locrensibus
792 796 847 851 aut
876 793 1094 852 phocensibus
1122 809 1194 850 eum
1224 793 1376 850 honorem
1399 792 1550 851 invidere.
1586 795 1630 851 Ita

409 890 491 948 iuste
519 888 699 964 petentibus
729 890 806 948 satis
832 890 967 964 iactum,
996 908 1064 948 non
1087 891 1218 948 vanitati
1241 894 1296 948 aut
1317 890 1519 966 arrogantiae
1540 892 1630 950 Grae·

409 1005 518 1047 carum
550 988 692 1063 gentium
724 988 987 1063 obtemperatum.
1032 988 1094 1048 Sed
1117 988 1300 1046 Herodotus
1322 988 1399 1046 haec
1420 987 1631 1047 additamenta

409 1103 473 1144 non
496 1083 643 1144 curavit'.
658 1083 697 1160 33)
1512 1073 1515 1082 ’

449 1183 538 1251 Quae
568 1186 744 1242 commenta
777 1183 870 1258 plane
898 1183 1012 1242 ficticia
1041 1217 1080 1226 -
1109 1184 1149 1242 sit
1179 1183 1270 1242 venia
1300 1184 1397 1242 verbo
1424 1217 1462 1224 -
1491 1184 1631 1241 consulto

408 1281 553 1356 laudavi,
589 1284 623 1339 ut
654 1281 786 1339 lectores
819 1280 962 1339 viderent
992 1283 1165 1356 Bergkium
1194 1282 1336 1356 quinque
1364 1283 1472 1356 cippos
1501 1298 1631 1356 prorsus

409 1379 478 1438 aliis
508 1379 659 1438 tribuisse
685 1378 851 1454 gentibue,
883 1397 979 1453 quam
1003 1380 1121 1454 quibus
1143 1380 1318 1438 destinatos
1339 1397 1393 1439 eos
1415 1380 1515 1438 fuisse
1536 1397 1631 1454 supra

408 1477 565 1552 apparuit.
602 1477 681 1536 Cum
714 1476 798 1534 enim
830 1494 893 1534 non
922 1476 1098 1551 dubitaret,
1134 1477 1211 1552 quin
1241 1478 1310 1536 iure
1338 1478 1544 1536 Locrensium
1572 1478 1631 1552 epi-

408 1591 552 1648 gramma
568 1592 585 1632 a
604 1573 761 1632 Strabone
775 1574 857 1633 inter
872 1575 1015 1648 quinque
1029 1575 1188 1649 epitaphia
1202 1575 1485 1651 Thermopylensia
1501 1575 1630 1634 relatum

407 1675 507 1746 esset,
532 1672 747 1731 necessarium
764 1672 791 1730 ei
809 1673 868 1732 fuit
884 1672 974 1731 alteri
991 1690 1120 1747 quoque
1135 1673 1221 1748 genti
1237 1670 1393 1751 ἔπικλήτῳ
1412 1672 1502 1749 (Her.
1519 1673 1545 1731 7.
1561 1672 1629 1748 203)

408 1787 521 1844 nempe
553 1769 707 1828 Phocensi
740 1770 867 1845 cippum
900 1788 1001 1829 unum
1034 1770 1225 1830 adiudicare.
1268 1772 1337 1830 Non
1369 1771 1497 1846 negavit
1529 1773 1631 1830 autem

408 1868 620 1942 Thespienses
651 1886 779 1943 quoque
811 1885 907 1927 suum
939 1869 1135 1944 epigramma
1167 1868 1319 1928 habuisse
1339 1867 1390 1942 31).
1426 1869 1538 1942 Itaque
1570 1885 1631 1926 non

408 1966 565 2041 quinque,
598 1966 653 2025 sed
676 1983 731 2026 sex
754 1966 952 2048 recuperavit
974 1966 1218 2041 epigrammata;
1241 1984 1305 2040 qua
1327 1967 1421 2024 dere
1445 1966 1632 2024 Strabonem

408 2065 571 2140 Megistiae
589 2065 786 2122 monumenti
805 2064 959 2122 rationem
979 2081 1042 2122 non
1061 2063 1214 2122 habuisse
1229 2064 1375 2138 sumpsit.
1401 2096 1438 2104 -
1461 2065 1632 2122 Locrenses

409 2162 559 2220 nimirum
581 2165 611 2220 et
633 2163 813 2221 Phocenses
836 2161 924 2220 nullo
946 2164 1037 2220 erant
1059 2162 1149 2220 titulo
1173 2162 1336 2234 celebrati,
1368 2179 1440 2220 cum
1462 2163 1492 2219 et
1513 2162 1633 2219 evocati

408 2260 578 2318 Leonidam
596 2260 694 2319 secuti
711 2263 818 2318 essent
835 2277 938 2334 neque
953 2262 1115 2334 praeterea
1132 2259 1304 2333 quicquam
1320 2259 1525 2334 perfecissent
1540 2258 1633 2317 laude

407 2356 550 2432 dignum.
576 2359 678 2416 Immo
701 2358 880 2416 Phocenses
891 2355 949 2432 35),
974 2357 1092 2432 quibus
1114 2356 1217 2430 callia,
1243 2357 1297 2430 qui
1320 2375 1375 2431 per
1397 2361 1535 2416 montem
1554 2357 1630 2430 fert,

407 2455 635 2514 custodiendus
657 2458 741 2530 erat,
772 2454 1106 2530 appropinquantibus
1129 2455 1235 2513 Persis
1256 2454 1287 2512 in
1311 2473 1473 2513 summum
1495 2458 1631 2513 montem

409 2553 558 2627 fugerant
582 2552 663 2628 (cap.
689 2552 772 2627 218).

448 2650 542 2708 Levis
571 2668 621 2709 res
650 2651 845 2725 expedienda
874 2654 994 2710 manet:
1024 2651 1189 2724 quaeritur
1215 2651 1315 2725 enim,
1348 2652 1402 2725 qui
1424 2651 1633 2726 Apollodorus

409 2748 615 2806 Locrensium
644 2749 840 2824 epigramma
868 2749 1058 2824 inscriptum
1087 2765 1157 2806 esse
1181 2749 1284 2808 dicere
1307 2750 1444 2824 potuerit
1464 2749 1496 2807 in
1514 2747 1633 2825 primo

406 2845 507 2920 cippo.
554 2847 687 2904 Frustra
723 2864 861 2922 quaero,
900 2848 1026 2921 qualem
1058 2846 1201 2904 ordinem
1227 2847 1285 2931 „hic
1317 2849 1435 2921 spectet
1466 2864 1630 2904 numerua

407 2943 522 3000 Nullus
557 2943 641 3002 enim
677 2944 841 3019 cipporum
878 2945 938 3003 fuit
972 2945 1065 3017 ord0;
1102 2947 1198 3018 atque
1233 2945 1260 3002 si
1295 2945 1425 3018 quidam
1457 2946 1535 3003 ordo
1567 2948 1635 3003 erat

406 3041 644 3116 observanduS,
680 3043 748 3101 sine
779 3043 844 3101 ullo
875 3043 973 3101 dubio
1008 3041 1241 3116 Spartiatarum
1270 3043 1466 3118 epigramma
1494 3043 1634 3117 primum

406 3138 575 3196 dicendum
590 3141 667 3198 erat.
692 3139 731 3197 At
746 3141 817 3198 vide
833 3159 910 3198 num
925 3140 1136 3215 Apollodorus
1151 3141 1313 3215 scripserit
1331 3141 1510 3215 Straboque
1524 3140 1634 3216 legerit

406 3232 455 3292 ἐπὶ
476 3240 547 3312 μιᾷ
567 3237 630 3294 τῶν
651 3234 740 3294 πέντε
761 3233 899 3313 στηλῶν,
925 3237 1010 3310 quod
1033 3254 1050 3295 a
1072 3237 1203 3295 librario
1224 3237 1378 3311 scriptum
1401 3255 1508 3296 errore
1526 3235 1575 3296 ἐπὶ
1592 3235 1631 3313 n',

405 3350 422 3390 a
446 3333 537 3391 tertio
558 3335 698 3392 solutum
720 3336 760 3393 sit
782 3335 814 3392 in
836 3332 885 3393 ἐπὶ
906 3338 943 3412 τῇ
964 3332 1113 3412 πρώτῃ.

448 3427 538 3506 §ih
584 3429 635 3490 De
672 3432 768 3492 fonte
802 3431 989 3508 Spartane.
1035 3432 1234 3490 Herodotum
1269 3433 1356 3491 fonte
1392 3433 1551 3508 Spartano
1587 3435 1635 3492 uti

403 3526 574 3604 potuisse,
605 3529 679 3588 inde
706 3531 847 3604 constat,
880 3529 965 3603 quod
997 3529 1131 3604 Spartae
1159 3547 1193 3588 se
1222 3533 1453 3590 commoratum
1474 3549 1545 3590 esse
1565 3532 1635 3607 ipse

405 3628 540 3685 testatur
562 3627 623 3686 III.
649 3625 759 3702 5536).
891 3705 895 3714 ι
1622 3640 1624 3644 ’

447 3724 553 3799 Supra
584 3723 619 3802 (ξ
644 3723 694 3800 13)
724 3725 787 3783 iam
816 3725 924 3783 monui
950 3723 1134 3800 probabile
1161 3741 1231 3785 esec
1257 3726 1473 3801 Herodotum,
1505 3745 1544 3786 ex
1570 3747 1636 3802 quo

354 3817 356 3822 ’
405 3822 491 3882 fonte
519 3823 661 3882 notitiam
690 3823 851 3881 hausisset
879 3823 918 3881 de
942 3823 1104 3881 Simonide
1125 3823 1289 3898 Megistiae
1310 3824 1526 3899 inscriptionis
1548 3827 1636 3884 dedi·

405 3926 526 3995 catore,
554 3939 593 3979 ex
614 3921 723 3979 eodem
746 3921 934 3995 cognovisse
955 3923 985 3978 et
1006 3920 1273 3996 epigrammatum
1295 3922 1439 3996 ipsorum
1461 3926 1583 3982 textum
1605 3927 1636 3982 et

404 4036 541 4092 quorum
564 4018 596 4076 in
620 4018 804 4077 memoriam
828 4018 910 4092 cippi
932 4017 1069 4076 fuissent
1091 4019 1210 4076 statuti.
1246 4019 1294 4077 Ab
1316 4021 1414 4080 altera
1436 4025 1526 4096 parte
1547 4040 1637 4082 nunc

408 4189 566 4196 -—-—...—-—

437 4301 472 4363 3²3)
508 4303 580 4361 Quae
599 4304 695 4367 Preger
713 4320 736 4367 p.
752 4302 784 4351 18
803 4305 852 4353 hac
870 4304 901 4351 de
919 4319 947 4352 re
965 4304 1122 4367 disputavit,
1140 4319 1171 4353 eu
1185 4311 1264 4382 sunt,
1283 4321 1352 4369 quae
1370 4307 1526 4356 iamdudum
1545 4323 1560 4357 a
1580 4310 1637 4358 viro

306 4411 310 4418 ·
405 4390 428 4437 d.
446 4390 501 4452 ipso
520 4390 616 4438 reiecta
634 4404 690 4438 9559
710 4395 809 4452 putem.

436 4473 471 4534 3⁴)
506 4474 644 4522 Thebanos
662 4475 789 4522 nimirum
810 4475 907 4523 honore
926 4474 1047 4537 indiguos
1066 4475 1166 4524 habuit.

436 4555 472 4615 35)
508 4559 649 4606 Locrenses
667 4559 730 4621 quid
750 4559 874 4622 iecerint,
893 4574 945 4608 non
965 4560 1092 4622 traditur,
1118 4561 1238 4622 proclivis
1256 4567 1345 4609 autem
1364 4566 1404 4610 est
1421 4563 1572 4611 corrieetura
1591 4578 1639 4612 eos

404 4657 431 4691 59
450 4643 628 4692 Phoeensibus
645 4644 803 4693 adiunxisse.
1135 4688 1142 4701 ,

436 4725 471 4787 36)
507 4727 657 4790 h'irchhoii,
677 4708 745 4777 Uber
763 4728 804 4776 die
823 4729 879 4777 Zeit
896 4745 945 4777 von
965 4729 1100 4778 Herodot’s
1118 4730 1219 4780 Besuch
1238 4730 1264 4778 iu
1283 4730 1391 4793 Sparta,
1410 4730 1479 4780 Mon.
1496 4731 1551 4780 Ber.
1567 4731 1638 4782 Berl.

406 4811 455 4860 hir.
478 4810 540 4859 1878
559 4828 582 4874 p.
601 4811 623 4861 i.
