3516 5712
755 484 805 544 ’aa
1226 483 1245 562 ε
1269 485 1325 560 50,
1351 486 1399 545 51.

176 672 251 731 dum
278 672 407 731 levioris
435 672 586 730 momenti
608 673 672 746 est,
704 671 856 745 quoniam
880 669 1062 730 Simonidea
1084 671 1258 730 auotoritas
1279 689 1318 730 ex
1339 671 1403 747 epi·

178 770 353 846 grammate
378 771 448 845 ipso
477 770 539 845 peti
567 769 679 844 potuit.
715 769 839 845 Respici
862 772 967 827 autem
989 769 1116 828 videtur
1137 771 1220 828 idem
1243 787 1290 844 ep.
1316 769 1402 845 apud

176 869 334 928 Valerium
354 869 542 941 Maximum;
566 868 653 942 apud
669 885 765 942 quem
782 868 815 926 in
834 867 935 942 capite
953 867 1041 927 VIII.
1054 869 1081 944 7,
1100 869 1187 943 quod
1205 870 1252 927 θεῖ
1270 865 1366 927 ‘dest
1392 898 1403 909 ·

178 964 237 1026 dio
255 968 288 1026 et
305 963 494 1026 iudustrio'
513 969 544 1024 et
561 966 594 1024 in
613 966 723 1024 eodem
738 966 929 1041 argumento
944 968 1092 1025 versatur
1107 984 1144 1026 ac
1159 966 1400 1040 Plutaroheum,

176 1082 247 1124 curn
279 1064 415 1123 aliorum
442 1065 511 1122 tum
540 1081 654 1122 senum
682 1063 804 1122 ferreae
830 1062 1009 1123 industriae
1036 1065 1219 1123 afferuntur
1246 1064 1401 1138 exempla.

177 1163 221 1220 De
251 1161 413 1221 Simonide
440 1163 502 1220 ext.
536 1161 571 1220 13
593 1164 655 1220 est:
687 1158 935 1221 ‘Simonides
959 1178 1037 1221 vero
1059 1163 1168 1238 poeto
1196 1159 1403 1238 octogesimo

176 1276 269 1320 anno
292 1260 324 1320 θῖ
345 1257 502 1319 damiana
522 1275 557 1318 se
577 1257 736 1319 carmina
757 1261 789 1319 cl
809 1257 848 1318 in
869 1275 989 1318 eorum
1007 1262 1178 1320 certamen
1194 1258 1405 1320 descendisse

175 1356 249 1434 lpse
268 1354 468 1434 gloriatur&
493 1357 583 1425 Quae
602 1360 709 1417 autem
730 1358 817 1432 apud
839 1359 1047 1417 Plutarchum
1069 1359 1276 1433 consequitur
1293 1358 1404 1417 fabula

175 1456 214 1514 de
233 1456 389 1532 Sophocle
407 1456 541 1515 chorum
556 1457 771 1516 clarissimum
785 1456 957 1532 Oedipodis
980 1457 1108 1516 Colonei
1123 1474 1230 1516 coram
1244 1456 1404 1515 iudicibus

176 1555 337 1630 recitanti,
369 1554 524 1614 eiusmodi
551 1555 767 1614 narrationem
788 1555 952 1630 praemisit
976 1555 1158 1614 Simonideo
1179 1556 1323 1629 exemplo
1345 1556 1403 1614 Va-

175 1653 274 1710 lerius
305 1651 406 1729 (VIII.
433 1653 459 1712 7.
484 1655 546 1711 ext.
573 1650 634 1728 12).
670 1653 880 1712 Plutarchum
908 1655 1004 1727 atque
1030 1653 1191 1712 Valerium
1219 1652 1405 1712 adhibuisse

176 1750 280 1808 fontes
319 1752 471 1825 cognatos
505 1750 710 1809 manifestum
748 1752 805 1809 est.
852 1751 965 1825 Itaque
999 1750 1100 1810 fuisse
1134 1751 1260 1810 videtur
1296 1767 1403 1809 rerum

176 1848 429 1907 memorabilium
456 1849 605 1924 scriptor,
635 1849 690 1922 qui
712 1849 856 1923 undique
876 1847 902 1925 8)
926 1850 1122 1925 congesserit
1143 1848 1344 1908 narrationes
1365 1848 1404 1906 de

177 1947 254 2004 viris
275 1946 468 2022 illustribus,
493 1964 557 2021 quo
579 1965 618 2006 ex
634 1945 717 2005 libro
735 1947 833 2006 variis
853 1948 956 2006 modis
974 1949 1006 2006 in
1025 1950 1199 2023 utrumque
1217 1947 1401 2021 scriptorem

177 2045 378 2104 manaverint
405 2046 561 2120 excerpta.
597 2045 659 2114 Qui
685 2047 797 2104 auctor
822 2063 887 2120 quo
908 2046 995 2105 fonte
1015 2063 1096 2104 usus
1119 2045 1159 2104 sit
1180 2047 1276 2118 atque
1297 2047 1403 2102 utram

177 2143 462 2217 repraesentaverit
487 2143 688 2202 traditionem
709 2144 848 2202 discerni
869 2144 987 2218 nequit.
1022 2143 1203 2202 Simonides
1225 2142 1308 2202 enim
1331 2159 1403 2200 auc-

177 2241 288 2300 toritas
310 2241 384 2299 huic
404 2241 625 2317 epigrammati
647 2240 767 2301 adiecta
789 2241 991 2301 traditionem
1016 2241 1037 2300 S
1060 2259 1124 2300 non
1147 2240 1262 2316 arguit.
1292 2240 1403 2298 Totius

177 2338 415 2414 epigrammatis
436 2340 542 2414 testis,
570 2339 747 2399 Scholiasta
766 2339 978 2415 Hermogenis
1002 2337 1036 2416 (ξ
1054 2337 1117 2415 79),
1142 2339 1197 2413 qui
1212 2338 1252 2397 ad
1267 2337 1403 2396 eundem

178 2436 296 2496 fontem
319 2437 422 2496 redire
443 2437 578 2513 videtur,
604 2456 668 2510 non
690 2438 793 2514 magis
814 2438 874 2496 hac
895 2439 927 2496 in
947 2455 981 2496 re
999 2454 1058 2496 nos
1073 2438 1172 2496 iuvat.
1197 2437 1403 2512 Epigramma

178 2535 210 2592 in
238 2535 368 2610 Sylloge
395 2534 574 2594 Simonides
608 2535 742 2594 affuisse
772 2552 850 2594 sane
881 2536 942 2594 aba
975 2535 1025 2594 via
1056 2534 1270 2594 demonstrari
1288 2536 1405 2609 potest

182 2631 240 2709 (ἐξ
263 2632 319 2708 91,
346 2630 428 2707 100).

216 2731 255 2789 ln
274 2730 328 2789 lib.
347 2729 390 2790 dc
404 2729 469 2790 def.
488 2747 537 2790 or.
556 2731 615 2790 436
629 2749 647 2790 a
663 2731 731 2790 sine
749 2731 922 2791 Simonidis
938 2731 1065 2790 nomine
1079 2731 1250 2806 praebetur
1262 2748 1310 2805 ep.
1327 2730 1401 2805 160,

179 2829 263 2903 quod
285 2829 498 2905 Polygnoteae
513 2828 661 2904 Iliupersi
677 2830 895 2904 subscriptum
910 2829 1011 2887 luisse
1025 2829 1172 2888 traditur.
1197 2830 1256 2904 Ep.
1271 2828 1405 2887 affuisse

179 2927 210 2984 ln
237 2925 363 2986 Corona
385 2927 560 3003 Meleagron
582 2927 678 3001 idque
699 2945 772 2986 curn
797 2926 969 2986 Simonidis
991 2926 1179 2986 auctoritate
1200 2928 1404 2986 coniunctum

180 3024 335 3100 colligitur
356 3024 477 3083 collatiS
499 3025 659 3084 Pausania
682 3025 717 3084 X.
743 3025 791 3083 27.
816 3027 834 3083 4
858 3024 910 3102 (cl.
938 3023 957 3102 ἓ
981 3023 1033 3100 65)
1056 3027 1152 3098 atque
1172 3024 1234 3084 AP.
1257 3025 1312 3084 IX.
1335 3024 1401 3084 700.

179 3122 291 3196 Itaque
312 3123 504 3182 Plutarchus
519 3125 759 3198 repraesentare
773 3123 938 3197 putandus
956 3126 1003 3182 est
1021 3123 1223 3181 traditionem
1244 3124 1284 3196 A;
1308 3139 1404 3197 quam

180 3220 334 3297 integram
356 3221 390 3278 in
410 3221 561 3297 Syllogen
576 3221 693 3297 recepit
709 3221 872 3280 Oolleetor.
898 3220 979 3280 Cum
994 3237 1097 3294 neque
1109 3220 1271 3279 Plutarchi
1286 3221 1405 3278 iontem

180 3319 318 3378 indicare
345 3319 465 3394 possim
494 3337 597 3394 neque
624 3337 663 3378 ex
692 3320 790 3378 altero
818 3319 997 3378 traditionis
1025 3319 1050 3377 A
1078 3319 1258 3378 testimoni0
1289 3315 1323 3395 (ξ
1352 3316 1403 3393 78)

180 3434 289 3476 eruere
310 3417 511 3493 scriptorem,
536 3418 591 3492 qui
613 3419 687 3476 ante
705 3417 908 3477 collectorem
927 3419 987 3477 hoc
1005 3415 1234 3492 epigrammate
1251 3432 1332 3473 usus
1352 3415 1402 3490 sit,

179 3515 334 3573 incertum
362 3515 438 3573 mihi
466 3518 530 3590 est,
562 3532 600 3574 ex
632 3532 696 3589 quo
724 3517 853 3574 auctore
874 3516 1005 3589 petitum
1029 3515 1089 3574 hoc
1113 3496 1161 3589 ep.
1190 3531 1208 3572 a
1235 3513 1406 3572 Oollectore

182 3612 329 3689 Syllogae
351 3613 552 3672 Simonideae
572 3614 694 3673 illatum
717 3613 767 3672 sit.

219 3712 257 3769 In
278 3711 332 3770 lib.
358 3709 400 3771 dc
420 3710 491 3771 coh.
516 3710 558 3770 θ’θ’.
576 3711 635 3771 456
650 3729 667 3770 c
680 3713 833 3787 leguntur
846 3712 1022 3772 hexametri
1037 3712 1101 3771 duo
1117 3707 1299 3786 anonyme,
1324 3725 1405 3783 quos

182 3809 285 3886 Bergk
318 3809 509 3868 Simonideis
530 3810 769 3884 epigrammatis
792 3808 853 3886 (ep.
880 3808 951 3885 177)
975 3809 1152 3884 accensuit,
1183 3807 1269 3882 quod
1295 3804 1405 3866 Simo·

181 3905 283 3968 uideo
297 3907 485 3967 auctoritate
501 3908 644 3982 insigniti
664 3908 798 3966 redeunt
817 3908 903 3982 apud
921 3909 1065 3967 Tzetzam
1086 3907 1164 3967 ohil.
1180 3907 1206 3964 Ι.
1222 3906 1268 3965 15.
1284 3904 1341 3964 373
1354 3921 1401 3978 sq.

181 4005 239 4074 Qui
260 4022 377 4064 versus
398 4005 439 4064 ab
461 4005 633 4064 Hauvettio
653 4006 717 4064 iam
740 4006 851 4065 merito
872 4006 1004 4082 neglecti
1029 4005 1072 4082 (p.
1090 4005 1128 4064 32
1149 4008 1180 4064 et
1200 4024 1230 4080 p.
1249 4004 1333 4062 4011.
1354 4001 1402 4078 1),

181 4104 253 4177 quia
288 4120 329 4162 ne
360 4103 488 4162 Tzetzes
521 4103 649 4177 quidem
680 4121 735 4163 eos
766 4105 963 4180 epIgramma
993 4122 1064 4164 θεεθ
1094 4104 1169 4163 dicit
1202 4099 1278 4179 (πού
1310 4121 1406 4179 φησιν

180 4200 325 4280 ᾅσματι
346 4197 561 4278 Σιμωνίδης),
587 4202 715 4261 meliore
736 4203 806 4262 inre
826 4221 866 4262 ex
886 4203 1076 4263 Simonideis
1094 4203 1306 4277 expelluntur,
1331 4199 1406 4274 quia

180 4317 216 4358 ex
246 4301 318 4376 ipso
349 4300 538 4358 Plutarcheo
569 4301 639 4360 loco
670 4302 778 4361 hausti
810 4320 828 4361 a
860 4302 971 4361 Tzetza
1000 4304 1117 4360 temere
1145 4301 1207 4360 Ceo
1235 4298 1407 4358 adiudicati

180 4403 254 4457 sunt
287 4396 340 4473 (ci.
367 4395 386 4474 ξ
416 4395 498 4473 115).
533 4398 626 4467 Quod
659 4417 732 4460 cum
761 4400 936 4476 Bergkium
964 4402 1060 4474 atque
1088 4399 1297 4458 Hauvettium
1325 4397 1407 4474 fugit

180 4551 338 4558 —-—-——

210 4637 233 4701 8)
268 4639 303 4687 Ex
331 4639 520 4689 Erastosthene
545 4645 626 4703 atque
651 4641 807 4689 Philochoro
834 4641 963 4701 tertium,
989 4640 1059 4703 quod
1087 4639 1154 4688 Plut.
1182 4640 1291 4702 laudat,
1318 4640 1408 4689 senilis

180 4723 324 4773 industriae
347 4725 500 4788 exemplum
524 4726 608 4774 lluxit.
645 4725 766 4774 Narratio
791 4726 823 4774 de
847 4730 931 4773 morto
950 4724 1125 4784 Philemonis,
1148 4739 1217 4786 quae
1235 4724 1407 4786 consequitur

180 4809 245 4872 apud
265 4809 348 4873 Plut,
368 4810 436 4858 redit
453 4809 523 4873 apud
543 4810 692 4873 Valerium,
710 4811 754 4859 sed
775 4824 881 4872 prorsus
899 4809 976 4858 aliter
994 4809 1098 4872 alioque
1116 4809 1172 4858 loeo
1190 4809 1244 4870 (Ill.
1257 4807 1298 4858 ln.
1310 4813 1361 4858 ext.
1372 4807 1407 4866 o).
