3516 5712
772 475 828 539 109
1239 475 1336 558 sao,
1362 480 1410 540 ει.

227 666 312 746 ἕ61.
347 665 399 728 De
412 666 530 728 σείσειε
545 665 812 745 epigrammatis
826 667 925 745 apud
938 665 1131 728 Aristidem
1147 665 1265 727 obviis.
1301 669 1359 744 Ep.
1375 669 1414 728 97

186 767 402 842 Corinthium,
427 768 513 841 quod
535 784 608 825 oum
629 767 662 824 iu
684 765 765 825 trad.
787 767 814 824 A
837 766 934 842 (quae
951 784 990 825 ex
1007 766 1246 835 Corinthiorum
1268 768 1413 843 apologia

185 882 241 939 per
270 866 437 940 Ephorum
464 865 497 923 in
526 864 689 923 Plutarchi
715 863 770 922 lib.
799 863 830 922 d.
860 865 901 921 H.
926 881 968 922 m.
994 862 1031 923 39
1060 865 1218 939 manavit,
1250 866 1289 924 ci.
1316 863 1335 941 ἓ
1358 865 1411 943 29)

184 966 252 1022 tum
280 963 313 1021 in
342 963 424 1022 trad.
458 962 479 1022 S
511 960 562 1038 (ex
590 962 721 1036 Ephoro
748 961 911 1037 integrum
940 979 958 1020 a
988 961 1160 1021 Collectore
1183 949 1410 1040 desumptum,

184 1060 245 1118 ΑΡ.
264 1060 335 1119 VII.
357 1051 416 1120 250
439 1060 612 1119 Simonidis
634 1060 763 1119 nomine
783 1058 870 1135 orn.)
893 1061 953 1120 hoc
973 1077 1040 1118 uno
1060 1061 1197 1119 disticho
1218 1062 1411 1123 absolvitur:

346 1155 450 1235 ἀκμᾶς
472 1155 637 1218 ἑστακυῖαν
658 1155 708 1217 ἐπὶ
729 1157 827 1234 ξυροῦ
846 1154 979 1217 Ἑλλάδα
1000 1160 1106 1217 πᾶσαν

384 1259 449 1322 ταῖς
469 1253 574 1315 αὑτῶν
595 1258 714 1334 ψυχαῖς
734 1253 868 1333 κείμεθα
890 1253 1077 1332 ῥυσάμενοι,

184 1354 214 1412 id
241 1354 329 1428 apud
350 1354 520 1413 Aristidem
542 1354 680 1414 duorum
702 1354 912 1413 distichorum
934 1354 1149 1414 additamento
1170 1356 1341 1424 adauctum
1363 1361 1412 1416 est

185 1449 303 1527 (primo
323 1452 459 1511 disticho
479 1452 513 1511 in
534 1451 703 1511 dialectum
725 1451 866 1510 Ionicam
889 1449 1075 1527 converso):

345 1547 554 1628 δουλοσύνης·
576 1545 716 1637 Πέρσαις
738 1546 772 1609 δὲ
792 1546 864 1626 περὶ
884 1545 977 1626 φρεσί
996 1546 1126 1627 πήματα
1147 1547 1248 1610 πάντα

384 1647 526 1727 ἥψαμεν,
549 1645 704 1726 ἀργαλέης
723 1646 873 1726 μνήματα
894 1646 1079 1726 ναυμαχίης.

247 1744 262 1788 5
344 1741 435 1805 ὀστέα
458 1743 486 1805 δ’
510 1741 585 1824 ἧμιν
606 1745 669 1824 ἔχει
689 1743 849 1822 Σαλαμίς·
871 1743 981 1823 πατρὶς
1003 1743 1038 1804 δὲ
1058 1741 1221 1823 Κόρινθος

384 1840 451 1902 ἀντ’
474 1841 651 1921 εὐεργεσίης
670 1841 772 1921 μνῆμ’
796 1841 936 1921 ἐπέθηκε
956 1840 1037 1903 τόδε.

182 1940 236 1998 Vel
270 1941 510 2016 epigrammatis
544 1942 724 2001 traditionis
758 1943 891 2001 historia
925 1942 1016 2001 docet
1050 1943 1186 2002 formam
1220 1943 1410 2006 Aristideam

183 2055 252 2097 esse
274 2040 494 2114 recentiorem;
518 2042 627 2099 errant
648 2058 741 2116 ergo,
766 2040 822 2115 qui
844 2041 1052 2100 Plutarchum
1074 2045 1170 2116 atque
1188 2039 1410 2119 Anthologiam

182 2137 380 2212 epigramma
406 2137 534 2196 duobus
562 2138 706 2197 distichis
728 2138 929 2198 decurtatum
950 2139 1083 2199 laudare
1104 2143 1216 2215 putent
1236 2138 1287 2217 47).
1322 2142 1411 2201 Adde

182 2235 268 2308 quod
289 2234 365 2294 talia
387 2235 608 2310 supplementa
629 2236 662 2294 iu
681 2237 920 2312 epigrammatis
939 2254 996 2312 per
1011 2255 1046 2296 se
1059 2239 1155 2313 paulo
1169 2239 1410 2299 obscurioribus

182 2332 267 2391 haud
297 2336 375 2392 sunt
402 2333 529 2392 insolita
549 2330 601 2409 48).
633 2334 740 2392 Huius
769 2334 868 2409 panni
896 2337 1002 2394 autem
1032 2353 1095 2394 non
1122 2336 1232 2395 eadem
1261 2340 1308 2396 est
1330 2341 1410 2398 ratio

182 2432 277 2505 atque
297 2431 384 2506 eius,
409 2448 504 2505 quem
525 2431 657 2507 gemello
678 2432 901 2508 epigrammati
922 2432 975 2492 96:

343 2524 372 2588 ὦ
394 2527 476 2598 ξένε,
497 2526 634 2606 εὔυδρον
654 2528 726 2589 ποτ’
750 2527 895 2608 ἐναίομεν
915 2528 992 2590 ἄστυ
1013 2527 1179 2609 Κορίνθου

382 2629 438 2686 νῦν
459 2625 490 2686 θ’
514 2625 573 2705 ἅμ’
597 2624 731 2694 Αἴαντος
752 2629 847 2694 νᾶσος
869 2627 930 2706 ἔχει
951 2624 1095 2706 Σαλαμίς

181 2728 330 2784 assutum
351 2742 423 2784 esse
443 2726 583 2785 vidimus
607 2724 641 2804 (ἕ
665 2725 737 2802 34))

342 2820 458 2884 ένθάὸε
483 2821 650 2892 Φοινίσσας
670 2828 749 2903 νῆας
769 2822 823 2885 καὶ
843 2821 973 2903 Πέρσας
994 2824 1114 2893 ἑλόντες

380 2919 434 2982 καὶ
454 2919 593 3002 Μήδους
614 2920 701 3001 ἱερὰν
718 2920 852 2983 Ἑλλάδα
874 2921 1053 3001 ῥυσάμεθα.

181 3021 249 3080 Ηοο
287 3021 373 3080 enim
407 3024 616 3097 augmentum
645 3022 884 3082 Corinthiacum
912 3026 976 3097 est,
1011 3023 1090 3082 illud
1118 3026 1223 3082 autom
1253 3027 1362 3099 postea
1391 3042 1409 3083 a

181 3119 307 3177 rhetore
329 3119 435 3178 nescio
456 3138 520 3195 quo
542 3121 686 3181 affictum
707 3124 756 3180 est
768 3119 820 3197 49).
845 3122 914 3180 Iam
937 3122 1056 3197 videte,
1081 3122 1168 3197 quali
1182 3125 1212 3181 et
1227 3140 1324 3198 quam
1340 3126 1409 3182 arto

180 3217 308 3276 vinculo
330 3219 408 3277 haec
428 3219 644 3279 additamenta
665 3220 960 3296 epigrammataque
973 3220 1044 3295 ipsa
1059 3221 1141 3280 inter
1157 3238 1191 3280 se
1205 3221 1404 3280 cohaereant.

180 3315 329 3374 Materies
349 3318 533 3392 appendicis
554 3319 793 3394 epigrammatis
815 3318 853 3378 96
874 3319 970 3394 petita
989 3322 1037 3378 est
1055 3336 1094 3377 ex
1112 3319 1235 3396 gemelli
1254 3320 1355 3377 nostri
1370 3319 1408 3379 97

179 3413 281 3472 forma
305 3415 444 3489 genuina
468 3414 503 3493 (§
519 3413 588 3491 34);
611 3417 709 3475 huius
730 3417 968 3493 epigrammatis
990 3435 1144 3477 versuum
1165 3417 1406 3476 subditiciorum

180 3513 291 3570 auctor
319 3519 435 3572 rursus
461 3531 509 3588 ep.
535 3514 573 3574 96
595 3515 741 3575 adhibuit
755 3513 807 3590 50).
839 3516 982 3576 Proclive
1002 3516 1031 3575 ei
1051 3518 1120 3574 erat
1141 3518 1309 3575 annectere
1330 3533 1407 3574 suos

180 3626 294 3668 versus
317 3610 450 3670 miseros
472 3613 572 3671 nitido
593 3613 726 3672 carmini
748 3614 900 3688 primario
921 3615 981 3690 ita,
1005 3617 1041 3672 ut
1062 3631 1136 3672 oum
1157 3613 1257 3671 verbo
1274 3610 1407 3689 ῥύεσθαι

181 3771 339 3779 ——

211 3867 246 3930 47)
280 3867 381 3931 Bergk,
408 3869 552 3931 llauvette,
579 3869 672 3918 Sitzler
699 3870 774 3920 Burs.
799 3870 838 3919 lb.
865 3870 922 3920 101.
948 3869 1015 3920 1900
1039 3886 1062 3932 p.
1080 3869 1143 3933 131,
1169 3869 1350 3919 Stadtmliller.
1374 3898 1406 3905 -

181 3953 276 4016 Preger
293 3954 435 4016 posteriora
454 3954 567 4003 disticha
585 3969 648 4003 sane
665 3955 768 4017 reiecit,
789 3955 833 4004 sed
851 3955 905 4018 ipse
924 3971 1021 4005 novum
1040 3956 1154 4004 alterum
1173 3954 1303 4005 distichon
1322 3954 1406 4006 fiuxit.

211 4035 247 4097 48)
280 4037 494 4086 vid.Wi1helmi
518 4043 600 4101 atque
624 4038 766 4086 Bormanni
790 4039 950 4102 scriptiones.
977 4039 1015 4089 Gi.
1034 4055 1073 4103 ep.
1091 4038 1139 4088 107
1157 4036 1170 4100 ἓ
1188 4037 1237 4088 137
1256 4055 1281 4088 n.
1299 4037 1323 4088 8.
1351 4041 1407 4089 lluc

181 4135 231 4169 non
249 4121 418 4171 referendum
438 4126 479 4171 est
495 4137 535 4186 ep.
554 4121 617 4186 150,
639 4123 671 4172 ε1.
690 4120 702 4183 ἓ
719 4121 760 4172 al.

211 4205 246 4269 49)
281 4207 472 4257 Schwartzium
497 4207 595 4257 iniuria
619 4208 699 4257 huius
722 4208 921 4271 epigrammatis
938 4209 1152 4258 additamentum
1170 4207 1296 4259 Corintho
1315 4211 1406 4259 oriun-

180 4290 242 4340 dum
266 4291 400 4354 putavisse
422 4293 476 4342 iam
501 4293 594 4342 monui
616 4290 679 4354 §29
697 4309 722 4342 n.
740 4292 773 4342 ‘25
790 4294 848 4342 coll.
867 4291 879 4354 5
897 4291 937 4342 34.
961 4320 994 4327 -
1022 4295 1089 4343 Fieri
1107 4299 1206 4358 potest,
1232 4299 1262 4344 ut
1279 4294 1407 4345 Aristides

180 4376 233 4438 ipse
256 4392 302 4440 pro
325 4377 384 4426 eius
407 4382 514 4428 auctore
539 4379 676 4428 habendus
699 4379 747 4442 sit,
771 4379 803 4428 ol.
827 4394 863 4428 or.
887 4378 927 4428 96.
952 4377 996 4428 331
1020 4395 1043 4442 p.
1062 4378 1111 4427 515
1129 4380 1219 4443 Diod,
1245 4380 1288 4428 ubi
1306 4384 1333 4429 et
1350 4380 1406 4444 epi-

173 4475 298 4528 gramma
321 4459 407 4526 (Preg.
424 4461 485 4523 137)
508 4463 612 4526 laudat,
637 4463 706 4526 quod
725 4465 752 4512 in
771 4463 880 4512 donario
898 4464 1052 4528 Aesculapio
1071 4465 1189 4513 dedicato
1207 4465 1404 4515 inscribendum

180 4545 232 4607 ipse
247 4547 372 4609 condidit,
387 4552 414 4595 et
428 4548 610 4611 fragmentum
628 4548 832 4610 epigrammatis,
847 4550 917 4612 quod
935 4549 1007 4611 prius
1023 4550 1083 4598 huic
1099 4550 1206 4598 donario
1222 4550 1404 4600 destinaverat.

211 4627 246 4693 50)
280 4631 325 4694 Ep.
343 4629 376 4679 97
395 4637 530 4695 praeterea
549 4636 706 4696 usurpatum
725 4636 765 4682 est
782 4632 816 4680 ab
834 4639 942 4682 auctore
960 4648 999 4696 ep.
1017 4632 1176 4683 Corinthiaci
1194 4632 1227 4682 98
1245 4631 1288 4695 (cf.
1307 4632 1320 4695 ἕ
1337 4634 1405 4696 139),

181 4717 248 4776 quod
275 4731 369 4765 rursus
393 4717 491 4767 imitati
516 4722 579 4766 sunt
606 4721 727 4766 auctores
752 4732 791 4780 ep.
819 4717 891 4780 Pepli
917 4716 950 4766 13
975 4714 1019 4778 (ο1.
1045 4715 1058 4776 ,λ
1084 4717 1144 4778 las)
1171 4723 1198 4767 et
1215 4734 1255 4782 ep.
1273 4718 1338 4768 Sim.
1356 4717 1405 4768 108

181 4797 350 4863 (Mausolum,
368 4801 399 4850 ci.
418 4799 516 4862 ἓ198).
