3572 5716
777 519 833 585 111
1204 521 1223 603 s
1248 520 1321 603 111,
1347 521 1414 586 111.

190 714 456 790 epigrammatum
475 711 729 772 Simonideorum
747 712 844 772 series
860 713 1012 788 leguntur
1027 712 1060 771 in
1077 713 1212 787 septimo
1227 713 1308 772 libro
1323 715 1415 789 duae,

191 830 328 886 quarum
361 811 449 887 prior
480 810 698 885 complectitur
729 827 799 884 epp.
829 807 903 868 VII.
933 808 1110 883 248-259,
1144 810 1255 884 paucis
1284 810 1417 869 aliorum

191 911 357 984 poetarum
390 906 479 983 (VII.
508 907 566 966 252
594 907 768 983 Antipatri,
799 907 857 966 255
885 907 1048 982 Aeschyli,
1080 907 1139 967 256
1167 907 1322 983 Platonis)
1355 908 1418 984 epi-

191 1007 377 1083 grammatis
399 1006 603 1081 interpositis
629 1007 795 1080 Leguutur
816 1004 894 1062 haec
914 1004 1144 1078 epigrammata
1165 1005 1272 1062 omnia
1294 1009 1419 1079 praeter

190 1122 238 1179 ep.
263 1103 321 1162 254
343 1103 382 1178 b,
410 1103 451 1160 de
478 1119 542 1177 quo
569 1102 653 1161 infra
681 1102 801 1175 dicam,
833 1101 927 1160 etiam
953 1099 1039 1175 apud
1066 1101 1260 1176 Planudem,
1292 1103 1324 1160 in
1347 1103 1419 1161 libri

190 1202 273 1260 tertii
301 1200 458 1276 capitibus
486 1198 528 1266 εἰς
556 1196 736 1276 ἀνδρείους,
768 1216 812 1257 sc.
837 1216 907 1273 epp.
930 1196 1003 1257 VII.
1029 1199 1087 1258 252
1115 1200 1273 1274 Antipatri
1300 1202 1333 1258 in
1356 1201 1418 1276 syl-

190 1302 261 1376 loge
288 1300 462 1376 posteriore
489 1297 540 1374 Ab,
572 1301 589 1358 5
615 1297 762 1382 (nomine
788 1295 939 1372 omisso),
971 1299 1073 1356 cetera
1101 1298 1207 1356 omnia
1236 1298 1269 1356 in
1298 1298 1419 1373 sylloge

191 1399 296 1473 priore
323 1399 376 1473 5³,
408 1396 526 1456 19-28
555 1395 753 1472 (nominibus
781 1395 909 1454 omissis
937 1395 1203 1470 epigrammatum
1234 1395 1350 1455 19-23
1380 1421 1419 1444 =

191 1493 265 1554 VII.
290 1493 465 1568 248-251,
497 1491 587 1568 253),
619 1493 728 1551 eodem
756 1493 868 1551 ordine
896 1509 960 1567 quo
988 1495 1020 1551 in
1050 1493 1211 1569 Palatino,
1243 1494 1304 1552 nisi
1332 1495 1418 1568 quod

191 1593 332 1652 Platonis
359 1592 556 1667 epigramma
578 1588 652 1649 VII.
677 1589 736 1649 256
765 1607 829 1648 non
858 1592 930 1664 post
952 1588 1026 1650 VII.
1051 1591 1109 1651 255
1130 1591 1247 1666 legitur
1268 1591 1322 1649 sed
1346 1594 1419 1650 ante

191 1692 359 1766 gemellum
382 1687 457 1749 VII.
481 1688 539 1749 259
564 1687 667 1765 (Plan.
691 1685 767 1746 111³.
793 1688 820 1747 5.
846 1685 909 1762 29).
934 1688 1005 1755 Qua
1027 1689 1066 1747 de
1087 1706 1184 1748 causa
1206 1689 1325 1747 conicio
1346 1692 1418 1765 post

191 1789 362 1864 cephalam
390 1787 513 1846 librarii
533 1803 642 1845 errore
661 1786 740 1844 illud
761 1785 958 1860 epigramma
979 1805 997 1845 a
1019 1788 1152 1862 gemello
1173 1804 1233 1846 suo
1253 1787 1416 1845 divulsum

190 1886 274 1945 iutra
318 1885 573 1944 Simonideorum
615 1885 882 1959 epigrammatum
924 1885 1037 1942 seriem
1079 1886 1214 1943 tractum
1257 1883 1416 1960 esse1⁴9);

193 1981 411 2042 Stadtmiilleri
437 1983 521 2040 enim
547 1982 727 2041 coniectura
752 1980 795 2058 (p.
817 1979 958 2057 LXIII),
990 1982 1161 2056 Cephalam
1183 1983 1321 2041 tortasse
1341 1983 1417 2040 Ere-

191 2080 321 2139 triensia
350 2081 415 2138 duo
444 2083 590 2154 separata
618 2079 818 2153 exhibuisse,
850 2079 934 2152 quod
963 2080 1123 2154 posterius
1151 2079 1209 2139 259
1234 2097 1251 2138 e
1279 2080 1418 2154 Diogene

193 2178 315 2236 Laertio
336 2175 411 2254 (III.
430 2174 481 2252 33)
502 2177 679 2252 hausisset,
704 2177 794 2251 prius
813 2176 872 2235 256
890 2193 961 2234 cum
981 2177 1241 2236 antecedentibus
1259 2177 1418 2237 246-258

191 2293 229 2333 cx
258 2275 330 2334 Cor.
359 2275 444 2350 Mel,
475 2275 586 2334 ordine
608 2275 771 2332 Planudeo
793 2274 956 2333 refellitur.
991 2276 1171 2351 Utrumque
1191 2293 1240 2351 ep.
1262 2276 1418 2351 Cephalas

191 2391 229 2430 cx
256 2373 416 2448 Meleagro
443 2372 564 2444 hausit;
594 2389 642 2447 ep.
672 2390 747 2430 vero
773 2370 848 2431 VH.
877 2372 935 2431 259
963 2373 991 2432 ei
1019 2391 1092 2432 cum
1121 2375 1206 2449 apud
1236 2375 1321 2433 huuc
1349 2378 1417 2432 tum

190 2470 276 2544 apud
299 2471 470 2545 Diogenem
492 2472 618 2544 praesto
639 2474 707 2529 erat
729 2470 782 2547 (ct.
806 2469 826 2548 ἕ
850 2468 912 2546 74).
949 2472 1029 2529 Ecce
1050 2473 1162 2530 series:

312 2567 338 2626 1.
384 2567 445 2625 ΑΡ.
465 2564 538 2626 1111.
560 2566 619 2626 248
660 2593 699 2616 =
719 2586 767 2643 ep.
792 2568 869 2627 Sim.
899 2568 935 2627 91

311 2665 339 2724 2.
561 2665 619 2724 249
660 2690 700 2714 =
898 2666 937 2725 92

311 2761 339 2821 3.
471 2825 476 2834 ,
562 2762 620 2821 250
661 2787 701 2810 =
899 2762 938 2822 97

311 2861 339 2918 4.

561 2860 617 2918 251
661 2885 700 2907 =
899 2859 937 2919 99

560 2959 618 3017 252
958 2956 1128 3035 Antipatri]

310 3059 338 3116 5.
448 3110 450 3115 .
559 3056 617 3116 253
660 3082 699 3104 ==
880 3057 938 3116 100

562 3153 620 3212 254
662 3177 700 3201 =
883 3153 939 3213 108

560 3251 640 3310 2541)
659 3275 699 3300 =
878 3251 936 3310 127
957 3252 990 3309 iu
1011 3268 1113 3326 marg.
1136 3268 1207 3326 sup.
1229 3271 1247 3311 a
1269 3252 1293 3311 O
1316 3269 1377 3311 scr.

559 3349 617 3408 255
955 3346 1116 3425 Aeschyli]

559 3447 618 3506 256
957 3445 1112 3524 Platonis]

559 3546 617 3604 257
659 3571 699 3593 =
878 3545 933 3604 101
957 3563 1007 3620 ap.
1030 3545 1127 3620 Ceph.
1152 3544 1190 3622 (0
1212 3571 1250 3594 =
1273 3545 1335 3622 Pl.)
1362 3545 1417 3604 ‘in-

957 3643 1032 3702 certi
1054 3640 1218 3716 auctoris’,
1243 3642 1297 3700 sed
1318 3641 1417 3702 Simo·

956 3740 1039 3797 nidis
1061 3756 1176 3796 nomen
1198 3740 1231 3796 in
1255 3739 1328 3797 (lor.
1343 3739 1413 3797 Mel.

952 3837 1173 3912 epigrammati
1184 3837 1358 3909 ascriptum
1371 3837 1417 3893 in-

956 3935 1041 3993 venit
1054 3933 1158 3993 Schol.
1170 3935 1265 3994 Arist.
1278 3935 1318 3992 cf.
1332 3932 1351 4011 ξ
1365 3934 1413 3993 57.

310 4033 338 4092 9.
560 4033 619 4093 258
661 4057 700 4080 =
879 4032 936 4092 105

352 4127 364 4207 [
560 4131 618 4191 259
958 4127 1124 4206 Platonisl.

194 4227 296 4287 Unum
327 4229 524 4304 epigramma
555 4231 627 4304 post
658 4228 829 4303 Cephalam
862 4228 991 4286 demum
1023 4229 1128 4287 ordini
1158 4228 1339 4288 Simonideo
1368 4246 1417 4287 ac·

193 4327 298 4385 cessit:
328 4344 371 4385 sc.
400 4345 448 4404 ep.
474 4325 548 4387 VII.
578 4327 635 4387 254
658 4327 695 4402 b,
726 4328 813 4400 quod
835 4344 938 4400 neque
959 4327 1119 4386 Planudes
1142 4327 1271 4384 novisse
1292 4327 1418 4384 videtur

193 4424 221 4480 et
247 4441 265 4482 a
295 4425 319 4484 0
347 4425 380 4483 in
408 4426 553 4500 margine
581 4426 746 4500 superiore
767 4426 902 4500 paginae
924 4425 1078 4499 scriptum
1100 4427 1164 4499 est,
1196 4443 1234 4483 ex
1255 4424 1417 4483 Michaelis

196 4567 351 4576 ---,

225 4663 270 4725 149)
306 4666 358 4714 Hac
375 4681 435 4715 cum
454 4681 482 4715 re
501 4667 611 4714 tortasse
629 4665 825 4729 quodammodo
842 4665 978 4728 cohaeret,
996 4667 1066 4728 quod
1084 4666 1103 4714 L
1120 4666 1182 4714 huic
1198 4682 1237 4729 ep.
1253 4670 1280 4713 et
1295 4665 1418 4729 sequenti

196 4747 245 4796 Vll.
268 4749 316 4798 257
340 4765 424 4799 unum
447 4752 546 4800 lemma
564 4749 655 4814 (idque
672 4751 704 4798 ad
724 4750 815 4812 prioris
832 4750 1032 4812 epigrammatis
1050 4751 1179 4799 distichon
1198 4748 1324 4810 alterum)
1342 4749 1418 4797 attri-

195 4831 279 4882 buerit
294 4831 331 4889 εἶς
349 4829 409 4889 τοὺς
425 4831 611 4899 Ἐρετριεῖς
629 4831 675 4883 καὶ
690 4831 889 4899 Ἀθηναίους
907 4832 978 4896 mh,
996 4837 1066 4898 quod
1084 4833 1136 4884 110
1155 4836 1294 4885 inductum
1313 4839 1360 4883 est.

1268 4916 1320 4968 la*
