3516 5712
386 501 462 581 Cap.
487 501 557 582 III,
581 503 609 566 9.

384 689 629 770 ἐρριμμένον,
645 690 757 772 ἠλίηοέ

384 811 416 850 τε
433 788 486 850 καὶ
503 789 630 851 θάπτει·
653 789 756 870 ἡμέρᾳ

384 893 421 968 τῇ
455 887 533 966 μετὰ
568 888 623 968 τὴν
653 889 757 969 ταφὴν

384 983 470 1046 πλεῖν
522 985 553 1053 ἒς
610 983 757 1046 Σικελίαν

384 1081 554 1162 ὀνειράτων
591 1083 612 1162 †
647 1083 756 1144 τοῦτόν

384 1179 415 1259 γ’
446 1179 578 1260 ὀνείρατι
608 1179 755 1243 κωλύων.

382 1277 521 1339 πείθεται
537 1277 597 1358 μὲν
611 1277 629 1339 ὁ
643 1277 754 1356 Σιμω-

382 1376 471 1454 νίὸης
490 1377 544 1439 καὶ
564 1378 658 1456 μένει.
688 1376 760 1439 πλεῖ

384 1475 418 1537 δὲ
439 1477 458 1557 ἡ
480 1481 557 1545 ναῦς
577 1474 631 1537 καὶ
645 1476 754 1554 βαπτί-

383 1575 473 1645 ζεται.
488 1574 509 1653 i
521 1573 555 1635 δὲ
567 1571 754 1652 εῖςΤάραντα

382 1671 571 1750 κομίσαντος
585 1671 619 1733 τὸ
634 1671 755 1741 πάθος,

381 1768 495 1847 ε’γίνετο
521 1767 580 1830 ὅσα
602 1766 685 1835 εἰκὸς
706 1766 756 1828 ἐπὶ

381 1866 523 1928 τοιούτου
551 1870 665 1927 κακοῦ.
697 1863 752 1926 Σι-

380 1964 524 2046 μωνίδης
535 1965 569 2026 δὲ
580 1963 755 2044 στεφάνους

380 2069 417 2144 τῇ
452 2063 546 2143 στήλῃ
583 2061 754 2142 περιέθηκε

968 504 1027 566 100

811 695 1043 770 humatumque
1066 712 1184 770 corpus

830 793 937 851 iacens
982 793 1166 868 sepulturae

812 891 1010 966 mandasset,
1042 893 1183 951 admoni-

811 991 864 1047 tus
876 988 917 1048 ab
928 1006 975 1064 eo,
990 1006 1031 1048 ne
1038 990 1182 1064 proximo

810 1085 861 1144 die
869 1085 1045 1163 navigaret,
1056 1086 1089 1144 in
1097 1089 1181 1145 terra

811 1184 973 1242 remansit.
1015 1183 1077 1252 Qui
1108 1184 1182 1242 inde

810 1281 987 1355 solverant,
1029 1280 1181 1339 fluctibus

809 1379 839 1436 et
871 1377 1016 1451 procellis
1048 1377 1081 1434 in
1109 1394 1181 1435 oon-

810 1477 920 1549 spectu
966 1473 1034 1532 eius
1075 1474 1181 1533 obruti

810 1575 900 1630 sunt:
939 1572 1008 1646 ipse
1045 1572 1180 1630 laetatus

809 1671 871 1742 est,
886 1668 972 1742 quod
981 1669 1078 1726 vitam
1088 1686 1180 1726 suam

810 1765 935 1824 somnio
971 1783 1068 1841 quarn
1106 1766 1181 1824 navi

809 1863 937 1922 credere
1002 1864 1176 1922 maluisset.

809 1962 930 2020 Memor
955 1964 1062 2020 autem
1087 1962 1179 2021 bene·

808 2059 870 2117 ficii
892 2059 1179 2134 elegantissimo

1238 694 1516 773 damprotcctum
1527 715 1609 756 mor-

1237 794 1610 868 tuumvidisseteumque

1238 891 1450 968 humavisset,
1466 893 1608 952 haberet·

1237 1005 1300 1064 que
1320 991 1476 1049 inanimo
1494 1008 1607 1050 navem

1236 1089 1463 1164 conscendere,
1487 1089 1607 1147 moneri

1237 1185 1327 1244 visus
1344 1187 1407 1260 est,
1427 1203 1468 1244 ne
1481 1186 1513 1245 id
1528 1186 1608 1245 iace-

1237 1285 1300 1358 ret,
1325 1283 1432 1358 abeo,
1450 1300 1546 1358 quem
1562 1302 1607 1343 se·

1236 1381 1366 1455 pultura
1390 1381 1540 1441 affecerat
1547 1400 1554 1455 ;
1581 1383 1607 1440 si

1237 1477 1430 1554 navigasset,
1444 1496 1517 1537 eum
1530 1497 1606 1538 nau·

1235 1574 1339 1650 iragio
1381 1593 1452 1635 esse
1491 1578 1606 1652 peritu-

1236 1689 1323 1731 rum:
1345 1675 1453 1749 itaque
1473 1675 1606 1735 Simoni-

1235 1770 1307 1829 dem
1324 1773 1463 1860 redisse:
1486 1774 1606 1848 perisse

1235 1871 1372 1944 ceteros,
1432 1872 1486 1945 qui
1538 1875 1604 1929 tum

1235 1967 1452 2043 navigassent.

808 2157 974 2215 carmine
1009 2155 1181 2232 <salutis

808 2255 1015 2314 auctorem
1093 2255 1175 2316 add.

811 2349 924 2427 Gertz,
950 2350 1097 2430 Kcmpt>
1123 2371 1178 2412 ae-

795 2450 998 2509 ternitati
1043 2469 1178 2511 conse·

807 2547 944 2622 oravit,
962 2548 1075 2607 melius
1090 2549 1133 2607 illi
1148 2552 1178 2608 et

806 2644 992 2704 diuturnius
1010 2646 1043 2704 in
1062 2647 1178 2705 animis

806 2744 972 2817 hominum
994 2746 1177 2820 sepulcrum

806 2843 1004 2902 constituens
1025 2860 1123 2918 quam
1144 2843 1177 2900 in

806 2940 940 3000 desertis
987 2943 1017 2999 et
1059 2940 1177 3016 ignotis

805 3039 912 3098 arenis
933 3040 1104 3098 struxerat.

418 3133 624 3209 Comparanti
645 3135 768 3195 Libanii
784 3132 922 3214 διήγημα
937 3140 967 3196 et
982 3154 1055 3195 cum
1068 3134 1193 3194 Valerio
1207 3137 1303 3209 atque
1318 3135 1470 3194 Cicerone
1486 3139 1602 3195 etcum

379 3232 506 3291 Scholio
533 3233 688 3293 Aristideo
716 3235 920 3310 perspicuum
955 3251 1026 3294 esse
1046 3235 1125 3310 puto
1145 3235 1297 3307 quattuor
1322 3234 1381 3292 has
1403 3235 1602 3294 narrationes

376 3331 419 3389 ita
447 3347 517 3389 esse
545 3335 712 3407 cognataS,
742 3335 777 3390 ut
802 3349 840 3390 ex
862 3333 971 3392 eadem
994 3333 1092 3408 stirpe
1112 3335 1307 3407 propagatae
1328 3333 1506 3390 censendae
1528 3333 1599 3391 sint.

376 3428 439 3496 Qui
469 3432 576 3488 autem
607 3429 696 3489 locus
727 3433 775 3488 est
803 3431 843 3490 de
869 3430 1115 3506 epigrammate,
1149 3430 1176 3488 is
1205 3429 1328 3505 integer
1357 3432 1506 3488 servatus
1534 3447 1603 3490 esse

376 3526 502 3584 videtur
528 3527 560 3585 in
592 3526 732 3601 Scholio;
762 3528 940 3587 alluserunt
967 3528 1008 3587 ad
1037 3545 1151 3587 versus
1180 3527 1334 3586 Libanius
1363 3527 1416 3604 (cf.
1442 3532 1602 3606 σωτῆρα

376 3622 472 3683 αὑτοῦ
501 3621 554 3684 τὸν
581 3623 725 3702 κείμενον
753 3624 905 3704 ἐκήρυξεν
932 3623 1208 3703 ἐπιγράμματι
1236 3642 1308 3684 cum
1338 3622 1603 3702 cpiyrammatis

374 3723 504 3782 exordio
533 3717 625 3789 οὗτος
653 3720 671 3782 ὁ
699 3725 753 3782 τοῦ
782 3719 889 3782 Κείοιο
916 3719 1101 3800 Σιμωνίδου
1130 3719 1192 3781 ἐστὶ
1212 3719 1374 3799 οαωτήρ
1396 3718 1477 3797 κτλ.)
1507 3726 1602 3797 atque

376 3821 482 3879 minus
504 3821 671 3896 perspicue
690 3819 836 3879 Valerius
859 3818 1183 3898 (ὀίορανιίίεείιιιυιιι
1205 3817 1369 3894 οανυιονι’)
1385 3818 1443 3896 27),
1473 3819 1598 3895 Cicero,

375 3919 425 3977 cui
447 3920 590 3994 exemplo
612 3919 897 3979 demonstrandum
919 3924 1003 3994 erat,
1028 3919 1106 3993 quid
1128 3919 1261 3977 somniis
1275 3918 1484 3977 tribuendum
1499 3922 1598 3994 esset,

375 4016 535 4074 somnium
563 4019 689 4076 tantum
711 4015 852 4091 curavit,
884 4016 1080 4092 epigramma
1103 4034 1179 4076 vero
1200 4033 1336 4092 prorsus
1357 4017 1506 4092 neglexit.
1542 4018 1602 4076 Hic

374 4117 480 4173 autem
502 4115 594 4174 nobis
615 4116 720 4173 locum
741 4115 796 4174 dat
818 4115 997 4190 statuendi,
1021 4132 1162 4190 quonam
1177 4132 1216 4174 ex
1230 4115 1318 4174 fonte
1331 4116 1408 4174 haec
1421 4116 1600 4175 testimonia

373 4212 535 4270 fluxerint.
563 4211 736 4271 Simonidis
754 4213 915 4272 somnium
933 4213 1089 4289 imprimis
1108 4231 1126 4272 a
1147 4212 1260 4272 Stoicis
1275 4213 1597 4288 commemorabatur,

380 2160 754 2240 καίέναγίααςτῴνεκρῴ

381 2265 532 2339 σοιτήρο
554 2258 669 2319 αὑτοῦ
692 2256 753 2318 τὸν

380 2356 753 2436 κείμενονέκήρυξεν

380 2454 672 2534 ἐπιγράμματι·
700 2451 753 2514 καί

379 2558 471 2614 τοῦτο
499 2553 518 2632 ἡ
548 2551 642 2632 στήλη
670 2551 750 2612 δείκ-

378 2674 473 2713 νυοιν.

374 4375 532 4382 .—

405 4487 441 4550 27)
477 4489 596 4538 Fuerunt
622 4491 670 4540 viri
694 4491 762 4540 docti
785 4491 875 4553 (Schn.
894 4507 917 4555 p.
935 4491 999 4554 l'l‘l,
1026 4491 1125 4554 Bergk,
1150 4492 1237 4555 Preg,
1262 4492 1393 4540 llauvette
1411 4506 1435 4554 p.
1453 4489 1528 4554 113),
1553 4490 1599 4554 qui

373 4575 480 4624 llosculo
498 4575 628 4624 rhetorico
648 4575 744 4624 Valerii
762 4576 935 4626 circumducti
954 4573 1198 4639 ‘elegantissimum'
1216 4576 1281 4625 illud
1301 4573 1424 4625 ‘cannen'
1443 4592 1488 4639 pro
1500 4578 1599 4639 hymno

373 4660 515 4721 lraberent3
539 4674 619 4722 quern
644 4659 764 4723 Empcrio
787 4667 895 4711 auctore
918 4661 982 4710 adeo
1001 4661 1115 4723 reperire
1134 4663 1275 4710 voluerunt
1293 4662 1319 4709 in
1338 4661 1488 4722 fragmento
1507 4660 1598 4726 hymni

371 4744 488 4807 adespoti
507 4744 533 4792 in
551 4748 751 4807 tempestatem,
769 4746 838 4808 quod
857 4746 957 4808 legitur
974 4745 1043 4807 apud
1063 4745 1131 4794 Plut.
1151 4746 1213 4808 reip.
1231 4760 1284 4806 ger.
1304 4760 1340 4807 pr.
1351 4743 1425 4794 7980
1442 4750 1524 4810 atque
1541 4747 1598 4794 ideo

371 4829 440 4897 apud
460 4828 601 4892 Bergkium
621 4835 651 4878 ut
669 4829 810 4879 Simonidis
829 4831 859 4879 lr.
877 4828 910 4879 23
928 4835 1069 4893 comparet.
