3546 5724
779 461 816 552 31
1238 459 1257 544 ς
1282 463 1334 542 rc,
1359 462 1407 526 20.

187 658 280 720 unius
302 660 427 718 tantum
449 655 687 734 epigrammatis
710 652 776 732 (94)
799 655 961 714 dedicator
982 653 1119 713 traditus
1141 657 1203 727 est;
1231 671 1294 728 qua
1317 671 1355 712 ex
1377 672 1411 713 re

187 758 385 818 efficiendum
403 773 473 814 esse
491 756 630 814 vidimus
648 773 721 813 eum
740 757 770 813 et
787 755 884 813 huius
901 753 1141 828 epigrammatis
1159 770 1230 811 esse
1248 757 1410 812 auctorem

187 860 215 914 et
240 873 367 930 eorum,
399 871 482 928 quae
508 871 573 911 una
602 871 673 912 cum
702 853 763 910 illis
790 851 1058 927 Amphictyonum
1087 853 1201 926 rogatu
1231 851 1411 910 condidisse

187 972 256 1013 eum
287 953 456 1028 apparuit,
491 968 534 1010 sc.
570 949 873 1024 Peloponnesiorum
907 946 972 1024 (91)
1009 949 1308 1023 Spartiatarumque
1342 947 1407 1025 (92)

186 1051 466 1126 epigrammatum,
501 1066 583 1123 quae
614 1050 747 1107 aetatem
779 1048 938 1122 tulerunt,
974 1047 1218 1122 Thespiensium
1247 1047 1411 1105 Thebano·

186 1167 335 1224 rumque,
367 1165 451 1222 quae
479 1147 650 1222 perierunt.
689 1146 722 1204 Si
744 1163 820 1203 vero
844 1145 1023 1203 Simonides
1045 1145 1223 1219 praemium
1244 1144 1305 1202 sibi
1326 1146 1411 1205 obla·

186 1249 251 1306 tum
280 1264 338 1321 pro
366 1245 530 1320 Megistiae
558 1244 785 1318 epigrammate
813 1260 875 1300 non
906 1242 1121 1316 repudiasset,
1154 1260 1194 1301 ne
1219 1261 1292 1301 cum
1314 1244 1410 1303 huius

186 1345 312 1419 quidem
330 1342 570 1418 epigrammatis
586 1341 755 1400 traditione
772 1358 886 1399 nomen
903 1341 972 1399 eius
988 1341 1192 1399 coniunctum
1209 1343 1293 1399 esset
1308 1359 1412 1416 neque

186 1444 249 1501 ullo
277 1442 371 1500 modo
399 1457 458 1515 pro
487 1441 571 1499 certo
599 1440 791 1499 constituere
819 1456 987 1522 possemus
1017 1457 1120 1512 neque
1148 1438 1226 1498 adeo
1255 1441 1411 1515 suspicari

185 1558 256 1599 eum
291 1540 520 1615 epigrammata
556 1555 592 1596 ea
626 1538 826 1611 condidisse,
865 1538 983 1611 quibus
1019 1537 1265 1612 Amphictyones
1300 1555 1411 1596 eorum

185 1637 426 1696 celebraverunt
447 1637 648 1711 memoriam,
674 1637 777 1710 quiin
794 1635 1015 1711 Thermopylis
1030 1652 1089 1710 pro
1103 1635 1206 1710 patria
1221 1636 1408 1695 ceciderant.

225 1736 306 1795 Cum
332 1738 436 1794 autem
460 1738 569 1809 postea
591 1733 754 1808 complura
776 1733 1006 1808 epigrammata
1031 1733 1204 1792 Simonidis
1226 1735 1412 1793 auctoritate

185 1836 296 1892 ornata
323 1834 493 1892 occurrant
514 1848 615 1905 eaque
636 1831 840 1905 plerumque,
872 1847 954 1904 quae
975 1830 1061 1904 apud
1083 1832 1253 1906 scriptores
1276 1833 1411 1907 antiqui·

185 1949 255 1991 ores
285 1931 334 1990 vel
362 1931 448 2005 apud
476 1947 530 1988 eos
556 1929 726 2004 scriptores
748 1928 804 2003 qui
825 1927 1060 2001 antiquioribus
1082 1929 1132 1986 usi
1154 1932 1230 1987 sunt
1251 1946 1411 2006 anonyma

185 2011 388 2104 praebentur,
413 2027 671 2087 constituendum
690 2030 738 2084 est
756 2027 981 2085 concinnatum
999 2043 1070 2085 esse
1087 2026 1257 2100 aliquando
1275 2028 1408 2103 librum,

185 2128 217 2186 in
248 2145 344 2202 quern
377 2127 475 2185 series
506 2125 773 2208 epigrammatum
806 2126 930 2199 recepta
958 2126 1057 2198 esset,
1092 2141 1174 2198 quae
1202 2143 1220 2183 a
1251 2125 1412 2185 Simonide
1450 2203 1455 2210 .

185 2226 310 2284 condita
340 2242 411 2283 esse
438 2223 628 2282 crederetur.
664 2221 768 2289 Quam
799 2221 948 2297 Syllogen
977 2224 1113 2280 exeunte
1140 2223 1256 2296 quarto
1283 2223 1411 2282 demum

185 2323 309 2382 saeculo
337 2321 544 2396 compositam
571 2337 642 2378 esse
670 2321 778 2394 postca
805 2336 855 2376 me
876 2319 1171 2377 demonstraturum
1193 2337 1264 2378 esse
1284 2321 1411 2380 confido

187 2417 221 2497 (ξ
243 2418 306 2495 37).
341 2419 380 2478 In
412 2437 476 2493 qua
507 2419 577 2477 licet
609 2418 765 2492 permulta
798 2417 1028 2492 epigrammata
1062 2433 1228 2491 perperam
1257 2417 1411 2478 Simonidi

185 2518 343 2576 vindicata
374 2517 474 2574 fuisse
505 2518 754 2575 consentaneum
786 2517 843 2589 sit,
879 2515 1062 2589 negandum
1091 2533 1154 2573 non
1183 2518 1232 2574 est
1259 2517 1341 2576 inter
1376 2535 1412 2576 ea

184 2616 414 2691 epigrammata
440 2613 576 2672 inveniri
596 2611 771 2690 potuisse,
802 2630 885 2687 quae
906 2613 975 2671 iure
996 2615 1106 2687 poetae
1126 2614 1264 2689 ascripta
1286 2618 1409 2690 essent,

184 2713 306 2772 etiamsi
347 2713 380 2770 in
422 2711 565 2770 fontibus
604 2711 786 2770 Collectoris
829 2711 1032 2769 traderentur
1073 2710 1246 2770 Simonidis
1285 2713 1414 2772 nomine

185 2811 345 2870 destituta.
389 2811 436 2868 Ea
468 2810 552 2868 enim
583 2810 616 2867 in
647 2827 682 2868 re
712 2809 869 2884 imprimis
902 2825 1028 2867 errasse
1060 2809 1137 2867 mihi
1169 2810 1319 2869 videntur
1353 2811 1412 2869 viri

186 2908 301 2966 summi
327 2907 437 2965 Kaibel
464 2909 494 2965 et
522 2907 743 2982 Wilamowitz,
775 2908 860 2981 quod
882 2924 918 2965 ea
940 2906 1017 2966 sola
1037 2907 1076 2965 de
1097 2924 1194 2966 causa
1215 2909 1411 2984 epigramma

188 3005 341 3065 Simonidi
373 3005 548 3064 abiudicari
579 3022 673 3080 posse
704 3006 915 3080 putaverunt,
947 3005 1033 3079 quod
1061 3005 1095 3063 in
1124 3005 1211 3064 fonte
1240 3007 1413 3065 recentiore

186 3121 299 3162 nomen
322 3105 432 3179 poetae
452 3103 620 3178 adiciatur,
645 3103 810 3162 omittatur
831 3103 864 3161 in
887 3103 1075 3176 antiquiore.

224 3203 338 3276 Itaque
358 3204 490 3276 apparet
511 3201 676 3260 historiam
697 3201 877 3260 traditionis
898 3201 1180 3276 epigrammatum,
1206 3219 1288 3276 quae
1312 3203 1411 3262 Simo-

187 3301 277 3358 nidea
308 3299 495 3358 auctoritate
526 3300 648 3358 munita
679 3301 905 3374 inveniuntur,
940 3316 1075 3374 prorsus
1106 3316 1177 3358 esse
1205 3301 1366 3360 diversam
1394 3319 1412 3360 a

156 3397 160 3403 “
186 3399 354 3457 traditione
381 3400 558 3456 ceterorum
586 3399 697 3472 poetae
722 3398 910 3457 carminum.
945 3397 1035 3465 Quae
1056 3415 1164 3456 rerum
1186 3399 1328 3458 condicio
1350 3401 1411 3458 iam

187 3499 268 3555 recte
288 3495 513 3555 animadversa
535 3499 584 3554 est
604 3513 622 3554 a
645 3496 881 3554 Wilamowitzio
903 3497 1012 3572 Textg.
1037 3514 1068 3571 p.
1088 3496 1136 3555 37.
1162 3497 1200 3554 At
1223 3496 1309 3572 vide,
1335 3515 1412 3555 num

186 3595 234 3653 vir
261 3594 460 3653 clarissimus
488 3591 595 3651 minus
621 3595 705 3651 recto
727 3593 767 3651 sit
790 3609 870 3650 usus
892 3597 1096 3668 argumento:
1126 3611 1190 3652 non
1212 3611 1412 3652 communem

185 3692 303 3751 melicis
330 3690 527 3750 carminibus
555 3692 586 3748 et
613 3690 852 3766 epigrammatis
878 3691 979 3749 fuisse
1004 3691 1221 3766 traditionem,
1254 3692 1328 3765 quia
1350 3692 1413 3766 epi-

185 3792 362 3864 grammata
382 3791 509 3848 servata
528 3787 709 3847 Simonidea
728 3806 746 3847 a
765 3791 855 3862 poeta
873 3789 975 3847 aliena
993 3791 1109 3847 essent.
1136 3789 1299 3848 Concessit
1315 3790 1413 3864 igitur

186 3905 215 3946 v.
245 3889 282 3946 cl.
314 3888 385 3946 fieri
413 3904 524 3962 posse,
556 3890 592 3945 ut
613 3887 843 3963 epigrammata
865 3884 1060 3946 Simonidis
1080 3885 1222 3946 nomine
1241 3886 1414 3947 instructo

185 4002 223 4042 ex
239 3984 414 4060 Simonidis
428 3988 530 4044 aetate
544 3985 660 4044 tradita
676 3985 739 4043 sint
756 3981 808 4059 (ci.
827 3984 895 4043 eius
911 3985 1008 4044 verba
1024 3985 1055 4042 in
1072 4003 1146 4043 ann.
1165 4004 1234 4044 mea
1248 3985 1284 4044 16
1295 3985 1409 4062 laud).

185 4082 223 4141 At
251 4083 392 4141 vidimus
421 4083 621 4142 traditionem
643 4082 742 4141 literis
764 4082 984 4158 consignatam
1006 4084 1045 4142 de
1068 4081 1249 4142 Simonidea
1271 4084 1413 4142 cuiusvis

185 4180 424 4256 epigrammatis
446 4181 632 4239 auctoritate
653 4181 783 4239 omnino
805 4199 868 4239 non
891 4181 1046 4252 extitisse;
1070 4184 1166 4254 atque
1181 4199 1217 4240 ea
1233 4184 1280 4240 est
1297 4199 1410 4258 causa,

185 4295 242 4336 cur
270 4279 484 4338 secernendae
512 4280 588 4338 sunt
617 4279 800 4337 melicorum
827 4279 1005 4360 carminum
1027 4279 1213 4338 traditiones
1235 4282 1331 4353 atque
1351 4282 1413 4355 epi·

185 4365 410 4449 grammatum'.

225 4476 271 4533 Eo
291 4475 446 4550 temporis
468 4475 566 4550 igitur
588 4478 747 4532 momento
769 4476 949 4534 traditionis
972 4476 1103 4534 historia
1125 4493 1235 4534 eorum
1257 4477 1413 4551 epigram·

187 4576 321 4650 matum,
340 4589 424 4647 quae
437 4573 564 4649 Sylloge
578 4573 759 4632 Simonidea
775 4575 1051 4649 complectebatur,
1069 4575 1215 4632 bifariam
1232 4578 1279 4632 est
1294 4575 1411 4650 divisa,

186 4686 248 4743 quo
273 4672 344 4746 ipsa
369 4670 497 4745 Sylloge
518 4674 565 4729 est
586 4671 750 4730 adornata.
786 4673 825 4730 In
847 4673 906 4730 hac
928 4673 1192 4730 commentatione
1212 4672 1412 4731 traditionem

187 4767 439 4848 antiquiorem,
464 4786 547 4843 quae
566 4770 694 4829 extabat
713 4771 794 4830 uate
813 4769 963 4845 Syllogen
983 4770 1158 4829 confectam
1176 4774 1415 4846 propagataque
