3572 5716
367 497 443 578 cap.
466 493 534 579 m,
559 495 607 562 π.
948 496 1007 563 210

266 741 270 756 .
366 687 526 767 inpuypu'
556 689 596 748 ci.
623 687 641 766 ξ
665 689 700 748 21
728 708 760 748 n.
785 691 832 749 55.
869 691 975 766 Bergk
998 689 1042 767 (p.
1067 691 1125 750 442
1147 709 1179 750 n.
1206 689 1255 767 1),
1287 691 1338 751 cui
1359 690 1437 752 haec
1457 692 1587 764 mutatio

364 787 434 846 iure
462 804 526 846 non
555 787 688 862 placuit,
720 785 848 854 σπάθας
875 789 936 864 legi
956 789 1050 848 iussit
1072 823 1110 830 —
1131 789 1217 863 quod
1238 790 1301 850 iam
1322 793 1416 849 antea
1439 790 1587 850 Piersono

365 885 527 960 placuerat
549 917 587 928 -—
612 884 796 945 ‘Simonidis
818 890 917 944 artem
939 886 972 945 in
992 887 1042 944 his
1061 887 1299 962 epigrammatis
1317 889 1500 948 collocatam
1517 908 1585 948 cum

364 983 496 1042 textoris
513 1000 610 1058 opera
626 981 784 1057 componi'
801 985 901 1042 ratus.
928 984 1051 1042 Heoker
1070 983 1103 1041 Il
1121 1001 1152 1058 p.
1172 984 1208 1042 12
1227 984 1364 1059 denique
1380 987 1459 1045 adeo
1473 984 1588 1052 πλάτας

364 1097 423 1155 pro
453 1080 569 1140 codicis
601 1080 666 1138 Pal.
697 1080 830 1140 lectione
860 1081 972 1140 habuit
1002 1085 1099 1156 atque
1126 1084 1236 1142 contra
1264 1083 1347 1143 hanc
1375 1085 1585 1144 coniecturam

364 1178 518 1237 defendit:
544 1177 652 1236 ‘miror
673 1195 732 1252 pro
748 1175 866 1244 πλάτας
883 1179 1093 1238 coniectatnm
1111 1195 1182 1238 esse
1199 1177 1343 1256 σπάθας,
1368 1198 1468 1255 σταται
1487 1183 1586 1258 Hesy-

364 1277 455 1335 chius
476 1274 587 1335 πλάται
608 1277 836 1350 interpretatus
858 1277 912 1335 sit:
935 1278 999 1335 τῶν
1020 1275 1158 1337 ananan
1178 1275 1214 1336 τά
1236 1275 1360 1338 πλατέα.
1392 1281 1487 1338 Recte
1507 1281 1586 1338 Tou·

364 1374 437 1448 pins
458 1375 621 1450 vulgatam
643 1374 744 1432 tuitus
765 1376 813 1432 est
834 1374 871 1432 cl.
892 1375 945 1432 Ar.
968 1375 1094 1432 Thesm.
1118 1375 1174 1433 772
1196 1392 1266 1449 sqq.
1302 1376 1389 1435 Libri
1410 1377 1586 1436 carminum

363 1472 544 1530 Mnasalcae
577 1472 729 1530 dicuntur
763 1471 866 1530 frusta
898 1471 999 1530 fuisse
1028 1472 1215 1532 tabellarum
1252 1472 1424 1532 Simonidis
1456 1475 1587 1550 eiusque

363 1572 441 1631 adeo
473 1571 578 1646 poesis
609 1589 648 1630 ex
678 1571 738 1630 hoc
768 1571 855 1630 fonte
886 1570 982 1628 rivuli
1013 1571 1076 1628 ritu
1108 1588 1267 1631 manasse.
1303 1572 1372 1631 Hac
1404 1590 1480 1631 voce
1507 1591 1587 1631 usus

363 1669 579 1727 Theodoridas
607 1669 639 1727 in
667 1671 773 1727 mente
800 1668 953 1727 habuisse
973 1667 1100 1726 videtur
1121 1669 1219 1728 verba
1240 1665 1445 1739 πλατειάζειν,
1473 1668 1586 1740 ἀλαζο-

362 1764 524 1836 νεύεσθαι,
549 1764 726 1844 φενακίζειν
747 1766 886 1840 Hesych.
910 1767 941 1823 et
961 1763 1155 1841 πλατυγίζειν
1176 1766 1270 1824 Arist.
1296 1768 1377 1841 qu.
1402 1767 1477 1842 830,
1501 1770 1587 1843 quod

361 1861 688 1943 μεγαλσρρημοσάνης
709 1853 819 1940 δεῖγμα
841 1881 912 1922 esse
935 1863 1127 1922 Scholiastes
1149 1862 1338 1923 annotavit’.
1526 1879 1528 1884 ·

402 1963 479 2021 Mihi
505 1963 583 2021 nihil
603 1962 731 2021 obstare
752 1962 893 2038 videtur,
924 1962 1097 2036 quominus
1119 1979 1137 2020 a
1159 1962 1264 2021 radice
1284 1959 1387 2021 πλαά-
1412 1959 1585 2038 (πλάσσειν)

362 2061 517 2120 iormetur
549 2061 787 2120 substantivum
819 2061 998 2135 berytonon
1030 2060 1063 2117 in
1093 2079 1128 2117 -o
1156 2055 1282 2134 πλάάα,
1317 2061 1586 2132 quemadmodum

362 2159 402 2218 ab
429 2160 500 2218 aliis
525 2159 687 2218 radicibus
707 2159 741 2217 in
762 2158 883 2217 litteras
904 2157 1086 2232 explosivas
1107 2157 1327 2216 desinentibus
1348 2154 1450 2225 παά-,
1472 2156 1586 2234 βλαβ-,

361 2278 481 2334 σκαφ-,
509 2277 609 2335 μαχ-,
635 2277 706 2335 τυχ-
729 2255 916 2315 derivantur
937 2255 1093 2314 eiusmodi
1114 2255 1317 2314 substantiva
1337 2251 1445 2332 πάάη,
1466 2252 1596 2334 βλάβη.

361 2353 486 2434 σκάφη,
507 2353 612 2433 μάχη,
634 2351 720 2431 τύχη.
749 2349 885 2412 Hauc-a
907 2353 1005 2428 igitur
1026 2353 1143 2428 optime
1164 2352 1324 2410 notionem
1345 2352 1463 2411 habere
1484 2356 1587 2428 potest

360 2451 508 2526 formae,
543 2452 657 2510 deinde
686 2449 919 2510 formationis.
955 2450 1099 2509 Eandem
1129 2467 1205 2525 ergo
1236 2450 1296 2509 loci
1322 2451 1585 2526 significationem

361 2549 582 2624 adipiscimur,
616 2566 713 2622 quam
742 2547 940 2607 Meinckiana
968 2547 1186 2622 interpretatio
1215 2548 1374 2624 suggerit:
1406 2549 1587 2609 Mnasalcae

360 2649 501 2706 carmina
533 2647 634 2706 fuisse
666 2646 839 2706 Simonidis
874 2644 1052 2724 ‘notionum’
1085 2646 1223 2704 frustula
1255 2647 1377 2705 avulsa.
1413 2647 1523 2721 Neque
1552 2647 1585 2706 in

323 2787 326 2794 .
359 2747 477 2804 bonam
495 2747 634 2820 partem,
658 2747 694 2802 ut
712 2744 812 2802 voluit
829 2745 953 2819 Bergk,
978 2761 1082 2818 neque
1098 2743 1131 2801 in
1149 2743 1283 2818 malam,
1307 2745 1343 2802 ut
1361 2743 1582 2819 Wilamowitz,

360 2844 399 2901 de
420 2841 615 2903 Simonidis
634 2842 873 2918 epigrammatis
894 2842 996 2900 fertur
1017 2840 1178 2900 iudicium.

348 2924 351 2931 ¹
400 2940 482 2999 Fieri
508 2943 613 3000 autem
636 2943 755 3016 potest,
787 2943 822 2999 ut
844 2939 1079 3000 Theodorideae
1100 2939 1291 2998 cavillationi
1313 2939 1460 3000 subtilior
1482 2941 1586 3000 subsit

360 3039 525 3098 sententia.
561 3039 686 3097 Etenim
718 3056 791 3097 eum
822 3056 840 3097 a
873 3037 979 3096 radice
1008 3033 1112 3096 πλαά-
1144 3036 1306 3096 derivetur
1334 3040 1364 3096 et
1392 3040 1585 3098 vocabulum

358 3135 538 3213 πλάάανον,
563 3155 627 3212 quo
650 3136 795 3213 (Theocr.
810 3136 910 3194 Adon.
926 3134 998 3208 115,
1017 3132 1246 3210 P011.v11.22)
1269 3135 1457 3211 designatur
1477 3137 1581 3212 orbis,

358 3236 391 3294 in
422 3254 486 3310 quo
514 3252 613 3310 panes
641 3235 857 3310 effinguntur,
891 3235 922 3290 et
949 3245 1128 3308 cauponae
1155 3232 1287 3291 ancillae
1314 3250 1428 3292 nomen
1458 3233 1586 3310 insigne

358 3330 517 3412 Πλαθάνη
532 3333 619 3408 apud
632 3333 685 3390 Ar.
701 3333 780 3391 Ran.
795 3330 852 3390 559
868 3329 1013 3404 obvium,
1030 3329 1118 3388 haud
1133 3329 1198 3388 scio
1212 3347 1254 3388 an
1268 3331 1460 3389 vocabulum
1475 3329 1584 3390 πλάάα

358 3433 486 3491 notione
512 3432 622 3490 latiore
650 3432 843 3504 usurpatum
872 3428 912 3486 sit
934 3424 1002 3486 cibi
1023 3427 1072 3485 vel
1094 3443 1218 3486 coenae
1238 3428 1520 3502 Theudoridasque
1540 3430 1583 3488 al·

252 3529 254 3534 '
357 3530 468 3588 luserit
489 3530 530 3589 ad
551 3529 630 3587 illud
647 3526 811 3602 Aeschyli,
836 3525 891 3600 qui
911 3525 1094 3601 tragoedias
1115 3541 1192 3584 suas
1214 3523 1333 3604 τεμάχη
1355 3528 1420 3584 τῶν
1436 3522 1583 3605 Ὁμήρου

358 3625 494 3687 δείπνων
516 3627 617 3686 fuisse
638 3626 716 3684 dixit
740 3622 866 3701 (Athen.
884 3624 973 3682 VIIl.
995 3623 1053 3682 347
1074 3620 1121 3698 e),
1146 3625 1181 3681 ut
1202 3623 1321 3682 ironice
1341 3625 1395 3689 τᾶς
1415 3620 1583 3699 Σιμωνίόα

356 3723 483 3792 πλάάας
511 3722 749 3801 ἀπσσπάραγμα
777 3723 945 3781 vocaretur
973 3721 1078 3796 poesis
1106 3724 1231 3796 poetae,
1264 3722 1319 3796 qui
1343 3722 1523 3798 fragmenta
1544 3740 1583 3780 ex

356 3824 509 3899 principis
537 3821 787 3900 epigrammatici
814 3823 925 3895 poetae
951 3820 1190 3896 epigrammatis
1217 3820 1339 3895 direpta
1362 3820 1429 3878 suis
1452 3819 1582 3879 tumidis

356 3922 552 3981 carminibus
573 3921 749 3979 intexuisse
770 3918 947 3977 videbatur.

398 4018 417 4096 ἓ
441 4020 508 4079 125.
554 4017 605 4078 Dc
632 4013 848 4090 condicione,
882 4031 970 4092 qnae
994 4012 1084 4074 inter
1105 4012 1322 4074 Mnasalcann
1345 4015 1451 4091 atquc
1471 4013 1580 4074 Simo-

355 4116 473 4177 nidem
495 4117 607 4177 entare
627 4113 772 4174 videtur.
808 4115 1004 4189 Mnasalcas,
1029 4132 1124 4189 quem
1144 4114 1278 4173 Scholae
1296 4113 1582 4188 Peloponnesiacae

355 4214 456 4272 inisse
476 4213 631 4272 asseclam
653 4214 749 4285 atque
769 4211 810 4270 ab
826 4211 929 4287 Anyte
949 4212 1069 4286 poetria
1090 4212 1159 4270 eius
1180 4211 1323 4286 principe
1344 4211 1483 4285 pendere
1504 4212 1580 4270 satis

355 4314 479 4371 constat
500 4309 553 4388 (ci.
572 4309 784 4369 Reitzenstein
802 4327 832 4383 p.
852 4309 909 4368 125
924 4307 1023 4385 sqq),
1044 4311 1154 4368 utrum
1168 4309 1238 4367 iure
1255 4309 1427 4368 Simonidis
1442 4309 1580 4368 imitator

355 4429 374 4469 a
395 4409 594 4469 Theodorida
615 4408 793 4482 appellatus
816 4407 918 4466 sitan
940 4407 1073 4482 iniuria,
1098 4425 1185 4465 nunc
1208 4407 1390 4466 videndum.
1420 4407 1580 4467 Knaackio

356 4506 420 4583 (ap.
453 4506 577 4584 Susem.
608 4506 644 4564 A.
674 4505 708 4563 L.
738 4506 771 4563 II
799 4522 830 4580 p.
859 4506 914 4565 541
946 4525 977 4565 n.
1004 4504 1074 4582 107)
1098 4507 1175 4565 haec
1197 4506 1388 4581 vituperatio
1410 4523 1475 4565 non
1496 4507 1578 4564 insta

355 4605 495 4663 videtur:
527 4605 590 4662 ‘fiir
618 4603 726 4662 diesen
753 4603 901 4662 Vorwurf
928 4604 1028 4662 findet
1057 4604 1124 4663 sich
1152 4604 1184 4692 in
1214 4604 1275 4663 deu
1300 4602 1486 4674 erhaltenen,
1507 4603 1578 4678 Epi·

354 4721 519 4779 grammen
551 4703 714 4760 durchans
744 4701 817 4760 lrein
849 4703 946 4779 Beleg
977 4747 984 4762 .
1011 4747 1017 4760 .
1046 4748 1049 4758 .
1076 4747 1083 4762 .
1124 4702 1167 4761 So
1199 4703 1322 4762 scheint
1354 4701 1498 4761 Meinelre
1529 4700 1579 4759 die

353 4801 538 4876 ieindselige
569 4801 774 4875 Gesinnung,
809 4800 860 4858 die
892 4799 959 4860 sich
990 4801 1023 4858 in
1051 4801 1170 4860 diesem
1198 4800 1350 4860 Gedichte
1377 4799 1574 4876 ausspricht,
