3516 5712
752 505 809 565 ror
1297 504 1316 581 s
1341 505 1389 564 eo.

166 693 247 752 Fieri
274 695 394 770 potest,
425 695 461 752 ut
488 693 623 753 voluerit
648 689 682 763 ἐξ
703 689 741 754 οὗ
765 739 771 752 .
798 739 804 753 .
832 738 838 752 .
865 739 871 752 .
897 691 991 753 οὔπω
1012 726 1051 734 -
1073 693 1165 752 cuius
1187 693 1273 768 apud
1294 692 1392 768 scrip·

165 793 248 851 tores
283 809 365 850 usus
399 793 542 868 exempla
578 793 694 852 afferre
730 791 924 868 supersedeo
952 825 989 832 -
1019 794 1115 866 atque
1142 790 1232 866 iungi
1260 788 1292 850 τέ
1319 808 1392 850 cum

166 890 309 965 sequenti
337 888 404 964 καί;
433 891 571 968 intellegi
599 908 727 966 quoque
755 892 859 965 potest
887 887 922 959 ἐξ
949 885 987 949 οὗ
1016 910 1048 949 τε
1075 906 1147 948 oum
1174 906 1210 947 eo
1231 886 1277 957 τέ,
1306 887 1392 963 quod

166 989 363 1064 grammatici
376 991 490 1048 vocant
500 985 846 1066 παραπληραιμαιικόν,
865 988 951 1063 quod
962 988 1080 1063 legitur
1091 987 1202 1046 Aesch.
1218 987 1305 1046 Pers.
1322 985 1389 1061 762,

166 1087 257 1144 Eum.
283 1085 321 1145 25
344 1119 382 1127 -
403 1087 574 1161 utrobique
595 1088 718 1145 Porson
740 1086 858 1145 iniuria
880 1085 1008 1161 scripsit
1029 1083 1064 1154 ἒξ
1080 1080 1119 1144 οὗ
1135 1105 1168 1162 γε
1183 1103 1235 1158 -;
1255 1085 1393 1159 denique

166 1181 199 1252 ἕξ
218 1178 257 1243 οὗ
280 1204 330 1261 γε,
358 1184 491 1259 quode.
517 1203 547 1260 g.
572 1187 658 1244 extat
679 1186 731 1244 Ar.
756 1185 894 1244 Acharn.
919 1183 995 1259 628,
1019 1183 1053 1241 in
1075 1201 1139 1259 quo
1161 1183 1316 1258 particula
1339 1180 1389 1259 γέ,

165 1281 253 1340 utin
275 1279 326 1341 ὅτε
349 1303 397 1359 γε,
419 1281 487 1342 ἐπεί
506 1304 554 1359 γε,
576 1281 649 1360 πρίν
665 1304 713 1360 γε,
736 1281 837 1360 ἔγωγε
852 1282 916 1340 vim
932 1282 1019 1340 addit
1034 1281 1165 1340 voculae
1179 1280 1388 1356 praecedenti.

166 1379 271 1438 Prima
300 1380 381 1439 ratio
409 1380 486 1438 mihi
514 1381 651 1440 maxime
679 1381 814 1457 arridet,
847 1383 883 1438 ut
903 1381 987 1439 hanc
1008 1379 1148 1438 voluisse
1168 1381 1293 1454 poetam
1315 1378 1392 1436 mihi

165 1477 385 1552 persuadeam.
410 1479 555 1538 Imitator
573 1479 731 1538 Xanthius
750 1479 848 1538 altera
863 1481 953 1554 parte
968 1477 1143 1537 sententiae
1155 1477 1287 1535 dimissa
1302 1476 1393 1535 facile

165 1575 196 1635 τέ
212 1578 284 1652 post
303 1574 338 1646 ἕξ
355 1571 393 1636 οὗ
413 1610 450 1618 -
468 1594 533 1651 quo
550 1577 643 1636 etiam
661 1593 743 1636 usus
761 1578 809 1635 est
826 1575 966 1634 imitator
980 1575 1181 1635 Atheniensis
1200 1607 1239 1616 -
1258 1574 1393 1633 retinere

165 1675 282 1750 potuit,
313 1676 464 1750 quoniam
486 1673 521 1744 ἐξ
542 1670 580 1735 οὗ
602 1696 633 1734 τε
654 1676 792 1734 formula
813 1677 898 1734 esset
920 1675 1037 1734 usitata
1052 1673 1102 1751 41).
1138 1676 1251 1748 Itaque
1271 1674 1393 1732 formae

165 1773 202 1831 A¹
224 1771 257 1833 τέ
277 1775 506 1833 attribuamus:
530 1773 684 1833 Collector
705 1791 744 1832 ex
766 1774 896 1849 Ephoro
909 1770 949 1848 42)
973 1772 1103 1831 retinuit
1124 1769 1168 1849 γέ.

204 1871 411 1947 comparanti
448 1872 585 1931 formam
603 1888 607 1895 ·
622 1871 662 1929 A³
698 1889 771 1931 cum
802 1872 905 1942 forma
937 1867 976 1928 A¹
1008 1872 1140 1945 apparet
1171 1869 1319 1928 lectiones
1352 1868 1392 1926 ab

165 1969 302 2029 Aristide
328 1971 471 2029 invectas
498 1986 552 2028 eas
578 1986 665 2044 esse,
697 1985 779 2044 qnae
800 1969 891 2028 facile
912 1969 1108 2044 epigramma
1130 1967 1332 2043 neglegenter
1353 1982 1392 2023 ex

166 2069 306 2141 ternpore
323 2065 363 2144 43)
389 2067 533 2127 laudanti
555 2067 699 2126 excidere
720 2067 890 2141 potuerint.
926 2065 1172 2141 Oomponendae
1193 2065 1268 2122 sunt
1289 2066 1391 2122 muta·

165 2164 265 2224 tiones
287 2164 405 2242 ἔκρινε,
432 2161 552 2234 οὗὸένι,
580 2162 663 2242 ὁμοῦ
689 2163 760 2241 (pro
781 2162 897 2242 ἔνειμε,
919 2161 1029 2233 οὐδέν,
1051 2161 1132 2240 ἅμα)
1155 2179 1227 2222 cum
1249 2159 1336 2220 ἐννέα
1358 2159 1391 2218 in

166 2279 212 2336 ep.
236 2262 275 2322 90
297 2281 356 2338 pro
378 2261 475 2322 εἴκοσι
496 2263 579 2321 dato
605 2262 728 2322 Idcirco
749 2263 789 2321 ab
811 2280 847 2321 eo
869 2263 901 2320 in
922 2257 1203 2326 sententiam'Aoic
1217 2257 1271 2318 ὑπ’
1285 2256 1393 2336 αὐτῷ

168 2403 175 2417 .
200 2405 206 2418 .
232 2405 238 2419 .
265 2405 271 2420 .
304 2358 410 2438 κράτει
437 2357 580 2438 πολέμου
606 2357 757 2438 πληγεῖσα
778 2358 818 2437 44)
848 2361 1013 2420 lectionem
1041 2357 1096 2418 ὑπ’
1121 2356 1253 2418 αὐτῶν
1273 2357 1391 2415 illatam

167 2475 234 2517 esse
268 2459 458 2533 putaverim.
498 2459 661 2534 Imprimis
690 2461 796 2518 autem
825 2462 974 2534 apparet,
1012 2458 1090 2533 quid
1116 2456 1324 2516 tribuendum
1352 2455 1392 2512 sit

167 2555 288 2615 lectioni
317 2554 350 2615 ἒν
378 2555 448 2636 γαίῃ
479 2543 551 2633 (pro
579 2555 612 2616 έν
640 2552 798 2636 Κύπρῳ),
829 2575 847 2616 a
876 2575 940 2632 qua
962 2574 1111 2632 magnam
1134 2558 1255 2630 partem
1277 2553 1392 2629 pendet

168 2655 404 2730 epigrammatis
432 2657 661 2732 interpretatio.
691 2656 846 2716 Aristides
875 2657 989 2715 navale
1009 2674 1046 2716 ao
1067 2657 1217 2715 terrestre
1237 2653 1392 2728 Euryme-

168 2752 310 2812 dontium
339 2755 493 2830 proelium
523 2756 651 2832 saepius
679 2755 771 2815 effert
795 2755 963 2831 laudibus,
995 2756 1031 2814 ut
1052 2755 1106 2812 vix
1128 2753 1311 2814 mirandum
1333 2751 1389 2825 sit,

168 2851 250 2924 quod
281 2851 382 2912 invito
413 2853 440 2912 ei
472 2871 511 2912 ex
541 2853 699 2913 locutione
730 2851 763 2912 ἓν
794 2849 921 2931 Κύπρῳ
952 2852 1089 2912 evaserit
1120 2850 1153 2911 ἐν
1185 2848 1275 2928 γαίῃ,
1310 2866 1393 2924 quae

168 2949 284 3008 notioni
316 2948 350 3010 έν
380 2948 505 3029 πελάγει
537 2954 610 3026 apte
645 2952 764 3027 opponi
797 2952 965 3011 videbatur
972 2970 979 3026 ;
1012 2968 1077 3026 quo
1107 2953 1270 3026 praeterea
1301 2946 1392 3005 duxit

168 3048 321 3123 oppositio
342 3049 373 3107 in
397 3066 492 3108 versu
512 3050 711 3125 praecedenti
729 3048 762 3109 ἐν
780 3047 902 3128 ἠπείρῳ
920 3052 1016 3125 atque
1033 3045 1112 3108 κατὰ
1129 3045 1254 3108 πόντον.
1280 3045 1392 3106 Conie-

168 3146 278 3204 rantur
293 3147 353 3206 loci
372 3147 411 3206 de
425 3148 469 3206 IV
483 3148 542 3206 vir.
561 3147 634 3207 209:
653 3145 702 3207 ἐπὶ
721 3145 755 3208 δὲ
772 3145 992 3224 Εὐρυμέδοντι
1010 3152 1147 3225 ποταμῷ
1164 3142 1393 3222 ναυμαχίας

168 3239 230 3301 καὶ
259 3243 515 3323 πεζομαχίας
545 3249 682 3324 μνημεῖα
714 3245 840 3324 ἔστησεν
867 3243 1032 3324 ἀμφότερα
1061 3243 1166 3324 ἡμέρᾳ
1193 3248 1251 3321 μιᾷ
1278 3244 1392 3311 νικῶν,

168 3343 259 3416 atque
287 3343 422 3402 Panath.
447 3344 520 3403 246:
549 3341 611 3422 ἤδη
639 3341 673 3404 δὲ
699 3341 752 3404 καὶ
775 3341 833 3403 δύο
855 3341 988 3420 τρόπαια
1011 3342 1053 3410 εἰς
1072 3342 1148 3419 μίαν
1170 3341 1292 3421 ἡμέραν
1314 3337 1393 3417 ἦλθε

168 3435 218 3497 καί
244 3439 452 3519 ναυμαχία
480 3440 708 3520 πεζομαχίᾳ
729 3439 968 3519 aepactas).

170 3611 326 3620 ——.-

198 3723 231 3784 41)
266 3726 403 3776 Benndorf
417 3743 440 3790 p.
459 3726 507 3776 ill
525 3726 569 3790 (cs.
588 3725 600 3789 5
618 3727 681 3791 lat,
699 3727 744 3790 io)
763 3734 855 3792 poetae
872 3733 978 3778 tantum
998 3729 1194 3792 neglegentiam
1212 3728 1332 3791 agnovit:
1356 3725 1390 3776 ‘in

168 3809 213 3858 v.l
232 3811 266 3860 ist
283 3806 323 3873 τέ,
342 3812 402 3859 dem
420 3812 447 3860 in
466 3813 512 3861 der
530 3812 676 3862 henutzten
691 3813 801 3878 Vorlage
818 3816 860 3863 ein
876 3809 922 3862 καὶ
937 3815 1092 3877 entsprach‚
1111 3814 1190 3863 allcin
1206 3812 1392 3862 beibehcltcn‘.

198 3893 232 3956 44)
266 3895 396 3946 Collector
408 3897 445 3946 ita
457 3896 541 3946 officio
555 3898 662 3947 iunctus
675 3913 732 3948 esse
746 3899 857 3959 videtur,
875 3899 944 3948 utin
957 3899 1106 3961 Ephoreum
1120 3903 1222 3947 textum
1237 3899 1392 3961 insigniores

169 3982 268 4028 tantum
293 3981 435 4030 varietates
459 3983 559 4031 formae
583 3980 616 4031 Al
639 3983 773 4046 reciperet.
801 3985 843 4034 Sic
860 3985 1020 4047 explicatur,
1043 3984 1113 4047 quod
1131 3983 1265 4047 integrum
1284 3983 1393 4047 reliquit

170 4065 320 4125 particulam
338 4061 380 4130 γέ,
398 4081 562 4130 quamquam
581 4063 614 4116 Al
633 4068 746 4118 hahebat
764 4065 798 4118 ιε’.

199 4147 231 4210 43)
267 4151 344 4200 Redit
362 4151 433 4200 enim
450 4167 490 4214 ep.
507 4153 534 4200 in
552 4153 645 4202 iisdem
664 4153 822 4205 lectionibus
840 4156 867 4204 in
886 4170 922 4204 or.
943 4154 974 4202 de
992 4153 1026 4202 IV
1045 4153 1113 4202 viris.
1134 4153 1210 4202 Dedit
1227 4153 1270 4202 Ar.
1285 4167 1392 4202 carmen
1418 4191 1422 4198 .

170 4233 231 4297 tale,
248 4238 327 4299 quale
345 4238 373 4285 in
391 4237 448 4286 eius
466 4239 594 4287 memoria
612 4239 746 4288 licerehat.
1038 4219 1039 4224 ¹
1291 4219 1294 4224 .

199 4316 232 4381 44)
267 4321 406 4383 Formam,
435 4337 515 4385 quam
543 4323 695 4386 primariam
722 4321 779 4385 (Al)
806 4340 863 4375 esse
889 4323 1019 4386 vidimus,
1045 4324 1142 4386 optime
1169 4321 1293 4386 explicari
1319 4339 1393 4386 posse

170 4407 255 4452 contra
284 4405 492 4454 innumerabiles
519 4406 635 4455 virorum
662 4408 799 4458 doctorum
825 4409 989 4459 coniecturas
1015 4409 1072 4456 iure
1098 4408 1235 4457 contendit
1259 4406 1393 4457 Schwartz

171 4499 191 4544 p.
213 4486 259 4535 117
286 4504 310 4537 n.
334 4487 366 4550 83
392 4484 439 4537 ὑπ’
465 4485 538 4553 αὐτῷ
565 4492 637 4540 enim
664 4493 830 4556 iungendum
858 4474 899 4542 est
924 4507 985 4541 cum
1011 4488 1109 4555 κράτει.
1144 4493 1279 4541 Distichon
1306 4493 1391 4555 ipsum

170 4573 324 4633 suggessisse
350 4579 440 4636 poetae
465 4575 627 4639 Aeschylum
652 4577 722 4626 Pers.
740 4576 789 4625 548
808 4577 897 4626 docuit
915 4576 1006 4626 llaibel
1024 4577 1061 4625 Fi.
1079 4576 1117 4625 lb.
1136 4575 1193 4627 105.
1211 4575 1276 4625 1871
1295 4593 1318 4640 p.
1337 4576 1392 4626 mn.

199 4652 233 4715 45)
267 4656 352 4706 Huius
374 4658 572 4722 epigrammatis
591 4665 680 4710 textus
701 4661 738 4710 ita
756 4663 799 4711 edi
817 4663 898 4723 solet,
923 4667 953 4710 ut
970 4662 1094 4711 lectiones
1113 4676 1144 4710 ex
1163 4662 1285 4710 omnibus
1304 4663 1394 4712 formis

171 4740 338 4790 corradantur
360 4743 508 4807 evadatque
529 4745 726 4809 epigrammatis
744 4746 842 4810 forma,
869 4761 937 4810 quae
955 4761 1087 4810 nusquam
1106 4747 1248 4796 invenitur.
1276 4747 1394 4796 Fuerunt

172 4835 271 4888 quoque
288 4826 336 4876 viri
354 4827 424 4876 docti
445 4824 514 4888 (Keil
533 4829 620 4879 Herm.
639 4829 672 4879 20
690 4847 712 4894 p.
731 4829 794 4896 344,
811 4833 909 4895 Preger
927 4829 990 4895 269,
1008 4831 1101 4881 Sitzler
1119 4832 1193 4882 Rurs.
1212 4831 1250 4881 lb.
1269 4830 1309 4880 91.
1327 4830 1391 4881 1897
