<?xml version="1.0" encoding="UTF-8"?>
<!DOCTYPE html PUBLIC "-//W3C//DTD XHTML 1.0 Transitional//EN"
    "http://www.w3.org/TR/xhtml1/DTD/xhtml1-transitional.dtd">
<html xmlns="http://www.w3.org/1999/xhtml" xml:lang="en" lang="en">
 <head>
  <title>
</title>
<meta http-equiv="Content-Type" content="text/html;charset=utf-8" />
  <meta name='ocr-system' content='tesseract 3.04.00' />
  <meta name='ocr-capabilities' content='ocr_page ocr_carea ocr_par ocr_line ocrx_word'/>
</head>
<body>
  <div class='ocr_page' id='page_1' title='image "./deepigrammatiss00boasgoog_0234.png"; bbox 0 0 3572 5716; ppageno 0'>
   <div class='ocr_carea' id='block_1_1' title="bbox 265 517 992 606">
    <p class='ocr_par' dir='ltr' id='par_1_1' title="bbox 265 517 992 606">
     <span class='ocr_line' id='line_1_1' title="bbox 265 517 992 606; baseline -0.003 -15"><span class='ocrx_word' id='word_1_1' title='bbox 265 591 273 606; x_wconf 74' lang='lat'><strong>.</strong></span> <span class='ocrx_word' id='word_1_2' title='bbox 353 521 429 606; x_wconf 81' lang='lat' dir='ltr'><strong>(lap.</strong></span> <span class='ocrx_word' id='word_1_3' title='bbox 453 517 521 606; x_wconf 89' lang='grc' dir='ltr'><strong>ΙΙΙ,</strong></span> <span class='ocrx_word' id='word_1_4' title='bbox 546 518 594 590; x_wconf 88' lang='grc'><strong>32.</strong></span> <span class='ocrx_word' id='word_1_5' title='bbox 933 517 992 590; x_wconf 85' lang='grc'><strong>212</strong></span> 
     </span>
    </p>
   </div>
   <div class='ocr_carea' id='block_1_2' title="bbox 291 708 1663 4906">
    <p class='ocr_par' dir='ltr' id='par_1_2' title="bbox 291 708 1663 2556">
     <span class='ocr_line' id='line_1_2' title="bbox 352 708 1574 795; baseline -0.001 -17"><span class='ocrx_word' id='word_1_6' title='bbox 352 718 473 778; x_wconf 83' lang='lat' dir='ltr'><strong>Eadem</strong></span> <span class='ocrx_word' id='word_1_7' title='bbox 490 717 729 794; x_wconf 82' lang='lat' dir='ltr'><strong>epigrammatis</strong></span> <span class='ocrx_word' id='word_1_8' title='bbox 748 716 822 776; x_wconf 87' lang='lat' dir='ltr'><strong>sede</strong></span> <span class='ocrx_word' id='word_1_9' title='bbox 837 717 1015 776; x_wconf 79' lang='lat' dir='ltr'><strong>Mnasalcae</strong></span> <span class='ocrx_word' id='word_1_10' title='bbox 1030 713 1170 776; x_wconf 88' lang='lat' dir='ltr'><strong>servavit</strong></span> <span class='ocrx_word' id='word_1_11' title='bbox 1186 711 1319 776; x_wconf 86' lang='lat' dir='ltr'><strong>verbum</strong></span> <span class='ocrx_word' id='word_1_12' title='bbox 1336 708 1574 795; x_wconf 79' lang='grc' dir='ltr'><em>ἄμφεβάλονιο,</em></span> 
     </span>
     <span class='ocr_line' id='line_1_3' title="bbox 352 812 1573 892; baseline -0.001 -17"><span class='ocrx_word' id='word_1_13' title='bbox 352 817 444 875; x_wconf 89' lang='lat' dir='ltr'><strong>cuius</strong></span> <span class='ocrx_word' id='word_1_14' title='bbox 471 815 599 890; x_wconf 88' lang='lat' dir='ltr'><strong>quidem</strong></span> <span class='ocrx_word' id='word_1_15' title='bbox 627 815 784 874; x_wconf 89' lang='lat' dir='ltr'><strong>obiectum</strong></span> <span class='ocrx_word' id='word_1_16' title='bbox 810 814 908 892; x_wconf 80' lang='grc' dir='ltr'><em>νέφος</em></span> <span class='ocrx_word' id='word_1_17' title='bbox 929 815 1064 874; x_wconf 88' lang='lat' dir='ltr'><strong>mutavit</strong></span> <span class='ocrx_word' id='word_1_18' title='bbox 1084 815 1118 873; x_wconf 93' lang='lat' dir='ltr'><strong>in</strong></span> <span class='ocrx_word' id='word_1_19' title='bbox 1140 812 1241 889; x_wconf 83' lang='grc' dir='ltr'><strong><em>κόνιν,</em></strong></span> <span class='ocrx_word' id='word_1_20' title='bbox 1273 815 1359 889; x_wconf 92' lang='lat' dir='ltr'><strong>quod</strong></span> <span class='ocrx_word' id='word_1_21' title='bbox 1381 816 1449 878; x_wconf 83' lang='lat' dir='ltr'><strong>coll.</strong></span> <span class='ocrx_word' id='word_1_22' title='bbox 1471 817 1573 875; x_wconf 89' lang='lat' dir='ltr'><strong>Mnas.</strong></span> 
     </span>
     <span class='ocr_line' id='line_1_4' title="bbox 353 912 1576 989; baseline 0 -17"><span class='ocrx_word' id='word_1_23' title='bbox 353 915 405 973; x_wconf 95' lang='lat' dir='ltr'><strong>VI.</strong></span> <span class='ocrx_word' id='word_1_24' title='bbox 442 913 531 989; x_wconf 89' lang='grc'><strong>128,4</strong></span> <span class='ocrx_word' id='word_1_25' title='bbox 563 931 628 972; x_wconf 91' lang='lat' dir='ltr'><strong>non</strong></span> <span class='ocrx_word' id='word_1_26' title='bbox 660 913 825 972; x_wconf 87' lang='lat' dir='ltr'><strong>miramur.</strong></span> <span class='ocrx_word' id='word_1_27' title='bbox 871 913 930 973; x_wconf 82' lang='lat' dir='ltr'><strong>Oui</strong></span> <span class='ocrx_word' id='word_1_28' title='bbox 961 912 1164 972; x_wconf 87' lang='lat' dir='ltr'><strong>substantivo</strong></span> <span class='ocrx_word' id='word_1_29' title='bbox 1195 913 1385 988; x_wconf 91' lang='lat' dir='ltr'><strong>languidum</strong></span> <span class='ocrx_word' id='word_1_30' title='bbox 1417 914 1576 988; x_wconf 77' lang='lat' dir='ltr'><strong>epitheton</strong></span> 
     </span>
     <span class='ocr_line' id='line_1_5' title="bbox 353 1008 1578 1089; baseline 0 -19"><span class='ocrx_word' id='word_1_31' title='bbox 353 1008 527 1089; x_wconf 79' lang='grc' dir='ltr'><em>δνοφεράν,</em></span> <span class='ocrx_word' id='word_1_32' title='bbox 558 1011 687 1087; x_wconf 92' lang='lat' dir='ltr'><strong>opinor,</strong></span> <span class='ocrx_word' id='word_1_33' title='bbox 718 1028 896 1084; x_wconf 82' lang='lat' dir='ltr'><strong>numquam</strong></span> <span class='ocrx_word' id='word_1_34' title='bbox 924 1010 1106 1085; x_wconf 85' lang='lat' dir='ltr'><strong>tribuisset,</strong></span> <span class='ocrx_word' id='word_1_35' title='bbox 1138 1010 1200 1086; x_wconf 89' lang='lat' dir='ltr'><strong>nisi</strong></span> <span class='ocrx_word' id='word_1_36' title='bbox 1221 1010 1253 1068; x_wconf 94' lang='lat' dir='ltr'><strong>in</strong></span> <span class='ocrx_word' id='word_1_37' title='bbox 1278 1011 1461 1070; x_wconf 90' lang='lat' dir='ltr'><strong>Simonideo</strong></span> <span class='ocrx_word' id='word_1_38' title='bbox 1481 1010 1578 1089; x_wconf 83' lang='grc' dir='ltr'><em>νέφος</em></span> 
     </span>
     <span class='ocr_line' id='line_1_6' title="bbox 351 1106 1577 1182; baseline 0.001 -15"><span class='ocrx_word' id='word_1_39' title='bbox 351 1112 435 1168; x_wconf 91' lang='lat' dir='ltr'><strong>esset</strong></span> <span class='ocrx_word' id='word_1_40' title='bbox 462 1106 606 1168; x_wconf 86' lang='grc' dir='ltr'><em>κυάνεον.</em></span> <span class='ocrx_word' id='word_1_41' title='bbox 639 1107 757 1167; x_wconf 90' lang='lat' dir='ltr'><strong>Locum</strong></span> <span class='ocrx_word' id='word_1_42' title='bbox 786 1107 825 1166; x_wconf 90' lang='lat' dir='ltr'><strong>de</strong></span> <span class='ocrx_word' id='word_1_43' title='bbox 851 1109 969 1166; x_wconf 86' lang='lat' dir='ltr'><strong>virtute</strong></span> <span class='ocrx_word' id='word_1_44' title='bbox 989 1108 1224 1182; x_wconf 86' lang='lat' dir='ltr'><strong>quodammodo</strong></span> <span class='ocrx_word' id='word_1_45' title='bbox 1246 1109 1391 1167; x_wconf 84' lang='lat' dir='ltr'><strong>variavit.</strong></span> <span class='ocrx_word' id='word_1_46' title='bbox 1425 1109 1577 1168; x_wconf 83' lang='lat' dir='ltr'><strong>Adhibuit</strong></span> 
     </span>
     <span class='ocr_line' id='line_1_7' title="bbox 352 1202 1576 1282; baseline 0 -18"><span class='ocrx_word' id='word_1_47' title='bbox 352 1205 486 1264; x_wconf 91' lang='lat' dir='ltr'><strong>verbum</strong></span> <span class='ocrx_word' id='word_1_48' title='bbox 517 1207 550 1264; x_wconf 91' lang='lat' dir='ltr'><strong>in</strong></span> <span class='ocrx_word' id='word_1_49' title='bbox 584 1205 775 1267; x_wconf 85' lang='lat' dir='ltr'><strong>Simonideis</strong></span> <span class='ocrx_word' id='word_1_50' title='bbox 806 1205 946 1264; x_wconf 88' lang='lat' dir='ltr'><strong>solemne</strong></span> <span class='ocrx_word' id='word_1_51' title='bbox 974 1202 1107 1281; x_wconf 74' lang='grc' dir='ltr'><em>ῥύεσθαι</em></span> <span class='ocrx_word' id='word_1_52' title='bbox 1137 1203 1212 1282; x_wconf 79' lang='lat' dir='ltr'><strong>(eg.</strong></span> <span class='ocrx_word' id='word_1_53' title='bbox 1237 1206 1307 1263; x_wconf 93' lang='lat' dir='ltr'><strong>VII.</strong></span> <span class='ocrx_word' id='word_1_54' title='bbox 1335 1204 1453 1282; x_wconf 84' lang='lat'><strong>250,2).</strong></span> <span class='ocrx_word' id='word_1_55' title='bbox 1488 1207 1576 1264; x_wconf 92' lang='lat' dir='ltr'><strong>Post·</strong></span> 
     </span>
     <span class='ocr_line' id='line_1_8' title="bbox 291 1292 1663 1380; baseline -0.001 -16"><span class='ocrx_word' id='word_1_56' title='bbox 291 1363 296 1372; x_wconf 90' lang='grc'><strong>,</strong></span> <span class='ocrx_word' id='word_1_57' title='bbox 352 1322 449 1378; x_wconf 91' lang='lat' dir='ltr'><strong>quam</strong></span> <span class='ocrx_word' id='word_1_58' title='bbox 477 1304 510 1363; x_wconf 93' lang='lat' dir='ltr'><strong>in</strong></span> <span class='ocrx_word' id='word_1_59' title='bbox 539 1305 686 1364; x_wconf 89' lang='lat' dir='ltr'><strong>versibus</strong></span> <span class='ocrx_word' id='word_1_60' title='bbox 713 1304 875 1380; x_wconf 88' lang='lat' dir='ltr'><strong>prioribus</strong></span> <span class='ocrx_word' id='word_1_61' title='bbox 899 1303 1117 1362; x_wconf 88' lang='lat' dir='ltr'><strong>Simonideum</strong></span> <span class='ocrx_word' id='word_1_62' title='bbox 1138 1304 1270 1376; x_wconf 86' lang='lat' dir='ltr'><strong>tumidis</strong></span> <span class='ocrx_word' id='word_1_63' title='bbox 1292 1303 1428 1363; x_wconf 88' lang='lat' dir='ltr'><strong>reddidit</strong></span> <span class='ocrx_word' id='word_1_64' title='bbox 1448 1304 1576 1363; x_wconf 91' lang='lat' dir='ltr'><strong>locutio·</strong></span> <span class='ocrx_word' id='word_1_65' title='bbox 1660 1292 1663 1299; x_wconf 65' lang='grc'><strong>’</strong></span> 
     </span>
     <span class='ocr_line' id='line_1_9' title="bbox 352 1397 1577 1479; baseline -0.002 -17"><span class='ocrx_word' id='word_1_66' title='bbox 352 1404 464 1479; x_wconf 91' lang='lat' dir='ltr'><strong>nibus,</strong></span> <span class='ocrx_word' id='word_1_67' title='bbox 496 1420 612 1461; x_wconf 85' lang='lat' dir='ltr'><strong>novam</strong></span> <span class='ocrx_word' id='word_1_68' title='bbox 640 1402 753 1462; x_wconf 89' lang='lat' dir='ltr'><strong>adiecit</strong></span> <span class='ocrx_word' id='word_1_69' title='bbox 781 1401 970 1460; x_wconf 88' lang='lat' dir='ltr'><strong>sententiam</strong></span> <span class='ocrx_word' id='word_1_70' title='bbox 999 1397 1076 1461; x_wconf 79' lang='grc' dir='ltr'><em>ἀλλά</em></span> <span class='ocrx_word' id='word_1_71' title='bbox 1103 1423 1147 1468; x_wconf 83' lang='grc' dir='ltr'><strong>τις</strong></span> <span class='ocrx_word' id='word_1_72' title='bbox 1174 1400 1278 1462; x_wconf 85' lang='grc' dir='ltr'><em>ἀστῶν</em></span> <span class='ocrx_word' id='word_1_73' title='bbox 1303 1399 1382 1477; x_wconf 60' lang='grc' dir='ltr'><strong>κτλ,</strong></span> <span class='ocrx_word' id='word_1_74' title='bbox 1414 1419 1478 1476; x_wconf 91' lang='lat' dir='ltr'><strong>qua</strong></span> <span class='ocrx_word' id='word_1_75' title='bbox 1498 1403 1577 1461; x_wconf 88' lang='lat' dir='ltr'><strong>illud</strong></span> 
     </span>
     <span class='ocr_line' id='line_1_10' title="bbox 351 1501 1576 1578; baseline -0.004 -16"><span class='ocrx_word' id='word_1_76' title='bbox 351 1521 400 1578; x_wconf 88' lang='lat' dir='ltr'><strong>ep.</strong></span> <span class='ocrx_word' id='word_1_77' title='bbox 438 1504 532 1562; x_wconf 89' lang='lat' dir='ltr'><strong>caret.</strong></span> <span class='ocrx_word' id='word_1_78' title='bbox 577 1501 648 1570; x_wconf 82' lang='lat' dir='ltr'><strong>Qua</strong></span> <span class='ocrx_word' id='word_1_79' title='bbox 683 1501 863 1560; x_wconf 83' lang='lat' dir='ltr'><strong>Mnasalcae</strong></span> <span class='ocrx_word' id='word_1_80' title='bbox 898 1501 1150 1560; x_wconf 88' lang='lat' dir='ltr'><strong>demonstrativo</strong></span> <span class='ocrx_word' id='word_1_81' title='bbox 1184 1501 1405 1576; x_wconf 86' lang='lat' dir='ltr'><strong>epigrammati</strong></span> <span class='ocrx_word' id='word_1_82' title='bbox 1441 1501 1576 1575; x_wconf 91' lang='lat' dir='ltr'><strong>speciem</strong></span> 
     </span>
     <span class='ocr_line' id='line_1_11' title="bbox 351 1598 1575 1676; baseline -0.002 -18"><span class='ocrx_word' id='word_1_83' title='bbox 351 1600 567 1676; x_wconf 79' lang='lat' dir='ltr'><strong>inscriptionis</strong></span> <span class='ocrx_word' id='word_1_84' title='bbox 588 1599 747 1676; x_wconf 83' lang='lat' dir='ltr'><strong>genuinae</strong></span> <span class='ocrx_word' id='word_1_85' title='bbox 767 1599 919 1674; x_wconf 89' lang='lat' dir='ltr'><strong>praebere</strong></span> <span class='ocrx_word' id='word_1_86' title='bbox 941 1599 1057 1674; x_wconf 92' lang='lat' dir='ltr'><strong>voluit,</strong></span> <span class='ocrx_word' id='word_1_87' title='bbox 1081 1616 1179 1674; x_wconf 90' lang='lat' dir='ltr'><strong>quam</strong></span> <span class='ocrx_word' id='word_1_88' title='bbox 1200 1599 1263 1658; x_wconf 93' lang='lat' dir='ltr'><strong>iam</strong></span> <span class='ocrx_word' id='word_1_89' title='bbox 1285 1598 1491 1658; x_wconf 85' lang='lat' dir='ltr'><strong>affectaverat</strong></span> <span class='ocrx_word' id='word_1_90' title='bbox 1512 1615 1575 1657; x_wconf 88' lang='lat' dir='ltr'><strong>ser-</strong></span> 
     </span>
     <span class='ocr_line' id='line_1_12' title="bbox 352 1687 1576 1772; baseline -0.002 -15"><span class='ocrx_word' id='word_1_91' title='bbox 352 1701 425 1759; x_wconf 85' lang='lat' dir='ltr'><strong>vato</strong></span> <span class='ocrx_word' id='word_1_92' title='bbox 452 1717 492 1758; x_wconf 89' lang='lat' dir='ltr'><strong>ex</strong></span> <span class='ocrx_word' id='word_1_93' title='bbox 519 1698 653 1772; x_wconf 83' lang='lat' dir='ltr'><strong>exempli</strong></span> <span class='ocrx_word' id='word_1_94' title='bbox 681 1697 811 1757; x_wconf 86' lang='lat' dir='ltr'><strong>exordio</strong></span> <span class='ocrx_word' id='word_1_95' title='bbox 839 1698 1027 1771; x_wconf 88' lang='lat' dir='ltr'><strong>pronomine</strong></span> <span class='ocrx_word' id='word_1_96' title='bbox 1050 1687 1124 1756; x_wconf 77' lang='grc' dir='ltr'><em>οἵδε.</em></span> <span class='ocrx_word' id='word_1_97' title='bbox 1157 1696 1264 1755; x_wconf 93' lang='lat' dir='ltr'><strong>Huius</strong></span> <span class='ocrx_word' id='word_1_98' title='bbox 1287 1696 1460 1756; x_wconf 88' lang='lat' dir='ltr'><strong>sententiae</strong></span> <span class='ocrx_word' id='word_1_99' title='bbox 1480 1697 1576 1771; x_wconf 89' lang='lat' dir='ltr'><strong>parti·</strong></span> 
     </span>
     <span class='ocr_line' id='line_1_13' title="bbox 351 1792 1576 1873; baseline -0.002 -17"><span class='ocrx_word' id='word_1_100' title='bbox 351 1798 440 1856; x_wconf 89' lang='lat' dir='ltr'><strong>culas</strong></span> <span class='ocrx_word' id='word_1_101' title='bbox 475 1797 677 1873; x_wconf 84' lang='lat' dir='ltr'><strong>suggessisse</strong></span> <span class='ocrx_word' id='word_1_102' title='bbox 711 1796 738 1854; x_wconf 90' lang='lat' dir='ltr'><strong>ei</strong></span> <span class='ocrx_word' id='word_1_103' title='bbox 769 1795 919 1854; x_wconf 86' lang='lat' dir='ltr'><strong>videntur</strong></span> <span class='ocrx_word' id='word_1_104' title='bbox 950 1795 1015 1853; x_wconf 93' lang='lat' dir='ltr'><strong>duo</strong></span> <span class='ocrx_word' id='word_1_105' title='bbox 1046 1794 1106 1854; x_wconf 89' lang='lat' dir='ltr'><strong>alia</strong></span> <span class='ocrx_word' id='word_1_106' title='bbox 1138 1812 1208 1870; x_wconf 92' lang='lat' dir='ltr'><strong>epp.</strong></span> <span class='ocrx_word' id='word_1_107' title='bbox 1242 1793 1443 1853; x_wconf 89' lang='lat' dir='ltr'><strong>Simonidea:</strong></span> <span class='ocrx_word' id='word_1_108' title='bbox 1479 1792 1576 1853; x_wconf 87' lang='lat' dir='ltr'><strong>verba</strong></span> 
     </span>
     <span class='ocr_line' id='line_1_14' title="bbox 351 1889 1576 1973; baseline -0.004 -19"><span class='ocrx_word' id='word_1_109' title='bbox 351 1891 502 1973; x_wconf 75' lang='grc' dir='ltr'><em>θνᾴσκειν</em></span> <span class='ocrx_word' id='word_1_110' title='bbox 529 1891 629 1954; x_wconf 65' lang='lat' dir='ltr'><strong>ricto</strong></span> <span class='ocrx_word' id='word_1_111' title='bbox 658 1890 738 1970; x_wconf 82' lang='grc' dir='ltr'><em>ὑπὲρ</em></span> <span class='ocrx_word' id='word_1_112' title='bbox 763 1889 914 1969; x_wconf 76' lang='grc' dir='ltr'><em>πατρίδος</em></span> <span class='ocrx_word' id='word_1_113' title='bbox 935 1894 1063 1967; x_wconf 88' lang='lat' dir='ltr'><strong>sumpta</strong></span> <span class='ocrx_word' id='word_1_114' title='bbox 1086 1894 1161 1951; x_wconf 92' lang='lat' dir='ltr'><strong>sunt</strong></span> <span class='ocrx_word' id='word_1_115' title='bbox 1182 1909 1221 1950; x_wconf 83' lang='lat' dir='ltr'><strong>ex</strong></span> <span class='ocrx_word' id='word_1_116' title='bbox 1242 1908 1290 1967; x_wconf 90' lang='lat' dir='ltr'><strong>ep.</strong></span> <span class='ocrx_word' id='word_1_117' title='bbox 1314 1891 1370 1951; x_wconf 95' lang='grc'><strong>100</strong></span> <span class='ocrx_word' id='word_1_118' title='bbox 1393 1890 1493 1967; x_wconf 81' lang='lat' dir='ltr'><strong>(quod</strong></span> <span class='ocrx_word' id='word_1_119' title='bbox 1514 1892 1576 1967; x_wconf 90' lang='lat' dir='ltr'><strong>epi·</strong></span> 
     </span>
     <span class='ocr_line' id='line_1_15' title="bbox 351 1988 1576 2068; baseline -0.002 -18"><span class='ocrx_word' id='word_1_120' title='bbox 351 1993 538 2068; x_wconf 88' lang='lat' dir='ltr'><strong>grammatis</strong></span> <span class='ocrx_word' id='word_1_121' title='bbox 568 1993 607 2052; x_wconf 99' lang='lat'><strong>99</strong></span> <span class='ocrx_word' id='word_1_122' title='bbox 638 1994 687 2051; x_wconf 89' lang='lat' dir='ltr'><strong>est</strong></span> <span class='ocrx_word' id='word_1_123' title='bbox 717 1991 902 2068; x_wconf 90' lang='lat' dir='ltr'><strong>gemellum,</strong></span> <span class='ocrx_word' id='word_1_124' title='bbox 938 2007 1037 2065; x_wconf 89' lang='lat' dir='ltr'><strong>supra</strong></span> <span class='ocrx_word' id='word_1_125' title='bbox 1070 1988 1089 2067; x_wconf 64' lang='grc' dir='ltr'><strong>ἕ</strong></span> <span class='ocrx_word' id='word_1_126' title='bbox 1124 1989 1180 2049; x_wconf 87' lang='grc'><strong>123</strong></span> <span class='ocrx_word' id='word_1_127' title='bbox 1211 1988 1418 2066; x_wconf 85' lang='lat' dir='ltr'><strong>exhibitum),</strong></span> <span class='ocrx_word' id='word_1_128' title='bbox 1451 1990 1485 2048; x_wconf 93' lang='lat' dir='ltr'><strong>in</strong></span> <span class='ocrx_word' id='word_1_129' title='bbox 1512 2007 1576 2064; x_wconf 91' lang='lat' dir='ltr'><strong>quo</strong></span> 
     </span>
     <span class='ocr_line' id='line_1_16' title="bbox 351 2084 1576 2167; baseline -0.002 -19"><span class='ocrx_word' id='word_1_130' title='bbox 351 2091 432 2149; x_wconf 88' lang='lat' dir='ltr'><strong>redit</strong></span> <span class='ocrx_word' id='word_1_131' title='bbox 458 2091 548 2150; x_wconf 91' lang='lat' dir='ltr'><strong>locus</strong></span> <span class='ocrx_word' id='word_1_132' title='bbox 576 2090 615 2148; x_wconf 87' lang='lat' dir='ltr'><strong>de</strong></span> <span class='ocrx_word' id='word_1_133' title='bbox 643 2090 760 2149; x_wconf 85' lang='lat' dir='ltr'><strong>virtute</strong></span> <span class='ocrx_word' id='word_1_134' title='bbox 786 2084 866 2147; x_wconf 83' lang='grc' dir='ltr'><em>εἰτὸ</em></span> <span class='ocrx_word' id='word_1_135' title='bbox 887 2084 995 2154; x_wconf 80' lang='grc' dir='ltr'><em>καλῶς</em></span> <span class='ocrx_word' id='word_1_136' title='bbox 1015 2085 1211 2166; x_wconf 73' lang='grc' dir='ltr'><em>θνῄσκειν</em></span> <span class='ocrx_word' id='word_1_137' title='bbox 1233 2085 1378 2167; x_wconf 85' lang='grc' dir='ltr'><em>ἀρετῆς</em></span> <span class='ocrx_word' id='word_1_138' title='bbox 1397 2086 1496 2164; x_wconf 83' lang='grc' dir='ltr'><em>μέρος</em></span> <span class='ocrx_word' id='word_1_139' title='bbox 1516 2085 1576 2146; x_wconf 77' lang='grc' dir='ltr'><em>ἐστὶ</em></span> 
     </span>
     <span class='ocr_line' id='line_1_17' title="bbox 350 2185 1576 2271; baseline -0.002 -24"><span class='ocrx_word' id='word_1_140' title='bbox 350 2187 509 2271; x_wconf 74' lang='grc' dir='ltr'><em>μέγιστον,</em></span> <span class='ocrx_word' id='word_1_141' title='bbox 541 2185 667 2248; x_wconf 76' lang='lat' dir='ltr'><strong>civium</strong></span> <span class='ocrx_word' id='word_1_142' title='bbox 695 2187 883 2247; x_wconf 81' lang='lat' dir='ltr'><strong>allocutione</strong></span> <span class='ocrx_word' id='word_1_143' title='bbox 908 2187 979 2246; x_wconf 92' lang='lat' dir='ltr'><strong>ideo</strong></span> <span class='ocrx_word' id='word_1_144' title='bbox 1007 2204 1078 2245; x_wconf 91' lang='lat' dir='ltr'><strong>eum</strong></span> <span class='ocrx_word' id='word_1_145' title='bbox 1108 2203 1204 2245; x_wconf 90' lang='lat' dir='ltr'><strong>usum</strong></span> <span class='ocrx_word' id='word_1_146' title='bbox 1233 2204 1304 2246; x_wconf 87' lang='lat' dir='ltr'><strong>esse</strong></span> <span class='ocrx_word' id='word_1_147' title='bbox 1331 2187 1510 2262; x_wconf 90' lang='lat' dir='ltr'><strong>putaveris,</strong></span> <span class='ocrx_word' id='word_1_148' title='bbox 1540 2190 1576 2244; x_wconf 94' lang='lat' dir='ltr'><strong>ut</strong></span> 
     </span>
     <span class='ocr_line' id='line_1_18' title="bbox 351 2285 1572 2360; baseline -0.003 -15"><span class='ocrx_word' id='word_1_149' title='bbox 351 2303 478 2346; x_wconf 87' lang='lat' dir='ltr'><strong>carmen</strong></span> <span class='ocrx_word' id='word_1_150' title='bbox 505 2285 751 2360; x_wconf 86' lang='lat' dir='ltr'><strong>cenotaphio</strong></span> <span class='ocrx_word' id='word_1_151' title='bbox 773 2285 967 2344; x_wconf 89' lang='lat' dir='ltr'><strong>destinatum</strong></span> <span class='ocrx_word' id='word_1_152' title='bbox 989 2285 1163 2359; x_wconf 88' lang='lat' dir='ltr'><strong>videretur,</strong></span> <span class='ocrx_word' id='word_1_153' title='bbox 1193 2301 1266 2343; x_wconf 91' lang='lat' dir='ltr'><strong>cum</strong></span> <span class='ocrx_word' id='word_1_154' title='bbox 1287 2285 1319 2342; x_wconf 90' lang='lat' dir='ltr'><strong>in</strong></span> <span class='ocrx_word' id='word_1_155' title='bbox 1341 2285 1505 2359; x_wconf 87' lang='lat' dir='ltr'><strong>praeclaro</strong></span> <span class='ocrx_word' id='word_1_156' title='bbox 1525 2300 1572 2358; x_wconf 90' lang='lat' dir='ltr'><strong>ep.</strong></span> 
     </span>
     <span class='ocr_line' id='line_1_19' title="bbox 351 2377 1573 2460; baseline -0.001 -19"><span class='ocrx_word' id='word_1_157' title='bbox 351 2383 613 2459; x_wconf 87' lang='lat' dir='ltr'><strong>Thermopylensi</strong></span> <span class='ocrx_word' id='word_1_158' title='bbox 630 2383 669 2442; x_wconf 82' lang='lat'><strong>92</strong></span> <span class='ocrx_word' id='word_1_159' title='bbox 688 2399 847 2458; x_wconf 88' lang='lat' dir='ltr'><strong>peregre</strong></span> <span class='ocrx_word' id='word_1_160' title='bbox 867 2382 983 2441; x_wconf 88' lang='lat' dir='ltr'><strong>occisi</strong></span> <span class='ocrx_word' id='word_1_161' title='bbox 998 2379 1226 2458; x_wconf 75' lang='lat' dir='ltr'><strong>peregrinum</strong></span> <span class='ocrx_word' id='word_1_162' title='bbox 1246 2377 1288 2458; x_wconf 83' lang='grc' dir='ltr'><strong>(ὦ</strong></span> <span class='ocrx_word' id='word_1_163' title='bbox 1307 2381 1392 2451; x_wconf 83' lang='grc' dir='ltr'><em>ξεῖν’</em></span> <span class='ocrx_word' id='word_1_164' title='bbox 1405 2378 1573 2460; x_wconf 81' lang='grc' dir='ltr'><em>ἀγγέλλειν)</em></span> 
     </span>
     <span class='ocr_line' id='line_1_20' title="bbox 351 2479 989 2556; baseline 0 -18"><span class='ocrx_word' id='word_1_165' title='bbox 351 2483 485 2539; x_wconf 87' lang='lat' dir='ltr'><strong>mortem</strong></span> <span class='ocrx_word' id='word_1_166' title='bbox 509 2479 658 2556; x_wconf 84' lang='lat' dir='ltr'><strong>Spartam</strong></span> <span class='ocrx_word' id='word_1_167' title='bbox 680 2480 829 2538; x_wconf 90' lang='lat' dir='ltr'><strong>nuntiare</strong></span> <span class='ocrx_word' id='word_1_168' title='bbox 849 2479 989 2538; x_wconf 89' lang='lat' dir='ltr'><strong>iubeant.</strong></span> 
     </span>
    </p>

    <p class='ocr_par' dir='ltr' id='par_1_3' title="bbox 349 2577 1575 3224">
     <span class='ocr_line' id='line_1_21' title="bbox 393 2577 1571 2653; baseline -0.003 -16"><span class='ocrx_word' id='word_1_169' title='bbox 393 2578 445 2638; x_wconf 90' lang='lat' dir='ltr'><strong>Sic</strong></span> <span class='ocrx_word' id='word_1_170' title='bbox 479 2596 518 2637; x_wconf 86' lang='lat' dir='ltr'><strong>ex</strong></span> <span class='ocrx_word' id='word_1_171' title='bbox 552 2578 699 2636; x_wconf 90' lang='lat' dir='ltr'><strong>frustulis</strong></span> <span class='ocrx_word' id='word_1_172' title='bbox 734 2577 959 2652; x_wconf 89' lang='lat' dir='ltr'><strong>memoriisque</strong></span> <span class='ocrx_word' id='word_1_173' title='bbox 992 2577 1258 2653; x_wconf 86' lang='lat' dir='ltr'><strong>epigrammatum</strong></span> <span class='ocrx_word' id='word_1_174' title='bbox 1296 2578 1571 2651; x_wconf 90' lang='lat' dir='ltr'><strong>Simonideorum,</strong></span> 
     </span>
     <span class='ocr_line' id='line_1_22' title="bbox 350 2674 1575 2750; baseline -0.001 -17"><span class='ocrx_word' id='word_1_175' title='bbox 350 2676 507 2750; x_wconf 90' lang='lat' dir='ltr'><strong>imprimis</strong></span> <span class='ocrx_word' id='word_1_176' title='bbox 534 2693 582 2750; x_wconf 92' lang='lat' dir='ltr'><strong>ep.</strong></span> <span class='ocrx_word' id='word_1_177' title='bbox 612 2674 667 2750; x_wconf 93' lang='lat'><strong>99,</strong></span> <span class='ocrx_word' id='word_1_178' title='bbox 698 2675 812 2734; x_wconf 87' lang='lat' dir='ltr'><strong>deinde</strong></span> <span class='ocrx_word' id='word_1_179' title='bbox 839 2693 910 2750; x_wconf 91' lang='lat' dir='ltr'><strong>epp.</strong></span> <span class='ocrx_word' id='word_1_180' title='bbox 939 2675 977 2734; x_wconf 92' lang='grc'><strong>92</strong></span> <span class='ocrx_word' id='word_1_181' title='bbox 1005 2684 1035 2733; x_wconf 88' lang='lat' dir='ltr'><strong>et</strong></span> <span class='ocrx_word' id='word_1_182' title='bbox 1065 2674 1121 2733; x_wconf 93' lang='grc'><strong>100</strong></span> <span class='ocrx_word' id='word_1_183' title='bbox 1147 2676 1358 2750; x_wconf 91' lang='lat' dir='ltr'><strong>compositum</strong></span> <span class='ocrx_word' id='word_1_184' title='bbox 1379 2679 1427 2734; x_wconf 89' lang='lat' dir='ltr'><strong>est</strong></span> <span class='ocrx_word' id='word_1_185' title='bbox 1448 2693 1575 2735; x_wconf 87' lang='lat' dir='ltr'><strong>carmen</strong></span> 
     </span>
     <span class='ocr_line' id='line_1_23' title="bbox 351 2773 1571 2847; baseline -0.002 -15"><span class='ocrx_word' id='word_1_186' title='bbox 351 2774 513 2847; x_wconf 63' lang='lat' dir='ltr'><strong>inflatum</strong></span> <span class='ocrx_word' id='word_1_187' title='bbox 540 2775 575 2832; x_wconf 92' lang='lat' dir='ltr'><strong>ut</strong></span> <span class='ocrx_word' id='word_1_188' title='bbox 597 2773 814 2832; x_wconf 90' lang='lat' dir='ltr'><strong>Theodoridae</strong></span> <span class='ocrx_word' id='word_1_189' title='bbox 834 2773 1048 2833; x_wconf 88' lang='lat' dir='ltr'><strong>incriminatio</strong></span> <span class='ocrx_word' id='word_1_190' title='bbox 1069 2791 1133 2832; x_wconf 91' lang='lat' dir='ltr'><strong>non</strong></span> <span class='ocrx_word' id='word_1_191' title='bbox 1155 2774 1274 2832; x_wconf 91' lang='lat' dir='ltr'><strong>iniusta</strong></span> <span class='ocrx_word' id='word_1_192' title='bbox 1295 2774 1396 2833; x_wconf 90' lang='lat' dir='ltr'><strong>fuisse</strong></span> <span class='ocrx_word' id='word_1_193' title='bbox 1418 2774 1571 2832; x_wconf 89' lang='lat' dir='ltr'><strong>videatur.</strong></span> 
     </span>
     <span class='ocr_line' id='line_1_24' title="bbox 351 2869 1574 2946; baseline -0.002 -17"><span class='ocrx_word' id='word_1_194' title='bbox 351 2873 483 2930; x_wconf 86' lang='lat' dir='ltr'><strong>Fontem</strong></span> <span class='ocrx_word' id='word_1_195' title='bbox 511 2871 692 2930; x_wconf 88' lang='lat' dir='ltr'><strong>Mnasalcae</strong></span> <span class='ocrx_word' id='word_1_196' title='bbox 719 2870 820 2928; x_wconf 89' lang='lat' dir='ltr'><strong>fuisse</strong></span> <span class='ocrx_word' id='word_1_197' title='bbox 850 2869 999 2946; x_wconf 89' lang='lat' dir='ltr'><strong>Syllogen</strong></span> <span class='ocrx_word' id='word_1_198' title='bbox 1030 2870 1245 2929; x_wconf 90' lang='lat' dir='ltr'><strong>Simonideam</strong></span> <span class='ocrx_word' id='word_1_199' title='bbox 1270 2871 1363 2930; x_wconf 89' lang='lat' dir='ltr'><strong>-in</strong></span> <span class='ocrx_word' id='word_1_200' title='bbox 1385 2869 1574 2944; x_wconf 90' lang='lat' dir='ltr'><strong>quaomnia</strong></span> 
     </span>
     <span class='ocr_line' id='line_1_25' title="bbox 350 2967 1573 3044; baseline -0.001 -18"><span class='ocrx_word' id='word_1_201' title='bbox 350 2969 411 3028; x_wconf 88' lang='lat' dir='ltr'><strong>tria</strong></span> <span class='ocrx_word' id='word_1_202' title='bbox 432 2986 502 3043; x_wconf 90' lang='lat' dir='ltr'><strong>epp.</strong></span> <span class='ocrx_word' id='word_1_203' title='bbox 522 2967 576 3044; x_wconf 87' lang='lat'><strong>99,</strong></span> <span class='ocrx_word' id='word_1_204' title='bbox 601 2968 656 3044; x_wconf 87' lang='grc'><strong>92,</strong></span> <span class='ocrx_word' id='word_1_205' title='bbox 683 2968 740 3027; x_wconf 88' lang='grc'><strong>100</strong></span> <span class='ocrx_word' id='word_1_206' title='bbox 761 2968 895 3027; x_wconf 88' lang='lat' dir='ltr'><strong>affuisse</strong></span> <span class='ocrx_word' id='word_1_207' title='bbox 915 2971 1039 3028; x_wconf 85' lang='lat' dir='ltr'><strong>constat</strong></span> <span class='ocrx_word' id='word_1_208' title='bbox 1061 3002 1099 3008; x_wconf 93' lang='lat'>—</span> <span class='ocrx_word' id='word_1_209' title='bbox 1120 2969 1182 3028; x_wconf 92' lang='lat' dir='ltr'><strong>iam</strong></span> <span class='ocrx_word' id='word_1_210' title='bbox 1204 2986 1261 3043; x_wconf 90' lang='lat' dir='ltr'><strong>per</strong></span> <span class='ocrx_word' id='word_1_211' title='bbox 1280 2987 1315 3028; x_wconf 88' lang='lat' dir='ltr'><strong>se</strong></span> <span class='ocrx_word' id='word_1_212' title='bbox 1332 2968 1497 3044; x_wconf 88' lang='lat' dir='ltr'><strong>probabile</strong></span> <span class='ocrx_word' id='word_1_213' title='bbox 1513 2970 1573 3039; x_wconf 92' lang='lat' dir='ltr'><strong>est;</strong></span> 
     </span>
     <span class='ocr_line' id='line_1_26' title="bbox 349 3065 1575 3144; baseline -0.002 -19"><span class='ocrx_word' id='word_1_214' title='bbox 349 3067 381 3125; x_wconf 94' lang='lat' dir='ltr'><strong>id</strong></span> <span class='ocrx_word' id='word_1_215' title='bbox 410 3069 519 3142; x_wconf 91' lang='lat' dir='ltr'><strong>postea</strong></span> <span class='ocrx_word' id='word_1_216' title='bbox 550 3065 584 3144; x_wconf 64' lang='grc' dir='ltr'><strong>(ἓ</strong></span> <span class='ocrx_word' id='word_1_217' title='bbox 615 3065 686 3142; x_wconf 76' lang='grc'><strong>128)</strong></span> <span class='ocrx_word' id='word_1_218' title='bbox 715 3085 752 3126; x_wconf 90' lang='lat' dir='ltr'><strong>eo</strong></span> <span class='ocrx_word' id='word_1_219' title='bbox 780 3067 1064 3142; x_wconf 81' lang='lat' dir='ltr'><strong>confirmabimus,</strong></span> <span class='ocrx_word' id='word_1_220' title='bbox 1098 3067 1185 3141; x_wconf 92' lang='lat' dir='ltr'><strong>quod</strong></span> <span class='ocrx_word' id='word_1_221' title='bbox 1213 3069 1392 3127; x_wconf 84' lang='lat' dir='ltr'><strong>Mnasalcae</strong></span> <span class='ocrx_word' id='word_1_222' title='bbox 1419 3083 1502 3124; x_wconf 88' lang='lat' dir='ltr'><strong>usus</strong></span> <span class='ocrx_word' id='word_1_223' title='bbox 1529 3068 1575 3123; x_wconf 90' lang='lat' dir='ltr'><strong>est</strong></span> 
     </span>
     <span class='ocr_line' id='line_1_27' title="bbox 350 3165 495 3224; baseline -0.007 0"><span class='ocrx_word' id='word_1_224' title='bbox 350 3167 438 3224; x_wconf 88' lang='lat' dir='ltr'><strong>textu</strong></span> <span class='ocrx_word' id='word_1_225' title='bbox 463 3165 495 3224; x_wconf 90' lang='lat' dir='ltr'><strong>S.</strong></span> 
     </span>
    </p>

    <p class='ocr_par' dir='ltr' id='par_1_4' title="bbox 349 3260 1575 4906">
     <span class='ocr_line' id='line_1_28' title="bbox 390 3260 1575 3340; baseline -0.003 -18"><span class='ocrx_word' id='word_1_226' title='bbox 390 3265 482 3322; x_wconf 91' lang='lat' dir='ltr'><strong>Nunc</strong></span> <span class='ocrx_word' id='word_1_227' title='bbox 510 3280 638 3340; x_wconf 90' lang='lat' dir='ltr'><strong>quoque</strong></span> <span class='ocrx_word' id='word_1_228' title='bbox 662 3263 763 3321; x_wconf 88' lang='lat' dir='ltr'><strong>elucet</strong></span> <span class='ocrx_word' id='word_1_229' title='bbox 786 3262 1050 3321; x_wconf 86' lang='lat' dir='ltr'><strong>Stadtmiillerum</strong></span> <span class='ocrx_word' id='word_1_230' title='bbox 1071 3261 1187 3322; x_wconf 88' lang='lat' dir='ltr'><strong>iniuria</strong></span> <span class='ocrx_word' id='word_1_231' title='bbox 1209 3279 1268 3337; x_wconf 90' lang='lat' dir='ltr'><strong>pro</strong></span> <span class='ocrx_word' id='word_1_232' title='bbox 1289 3261 1403 3320; x_wconf 88' lang='lat' dir='ltr'><strong>ficticio</strong></span> <span class='ocrx_word' id='word_1_233' title='bbox 1425 3260 1575 3320; x_wconf 90' lang='lat' dir='ltr'><strong>babuisse</strong></span> 
     </span>
     <span class='ocr_line' id='line_1_29' title="bbox 350 3357 1574 3437; baseline -0.003 -17"><span class='ocrx_word' id='word_1_234' title='bbox 350 3364 464 3422; x_wconf 88' lang='lat' dir='ltr'><strong>lemma</strong></span> <span class='ocrx_word' id='word_1_235' title='bbox 492 3361 731 3437; x_wconf 87' lang='lat' dir='ltr'><strong>epigrammatis</strong></span> <span class='ocrx_word' id='word_1_236' title='bbox 760 3361 931 3421; x_wconf 88' lang='lat' dir='ltr'><strong>Mnasaloei</strong></span> <span class='ocrx_word' id='word_1_237' title='bbox 960 3357 1042 3436; x_wconf 90' lang='lat' dir='ltr'><strong>(VII.</strong></span> <span class='ocrx_word' id='word_1_238' title='bbox 1072 3357 1161 3435; x_wconf 89' lang='grc'><strong>242),</strong></span> <span class='ocrx_word' id='word_1_239' title='bbox 1193 3360 1268 3434; x_wconf 91' lang='lat' dir='ltr'><strong>quia</strong></span> <span class='ocrx_word' id='word_1_240' title='bbox 1293 3360 1326 3417; x_wconf 91' lang='lat' dir='ltr'><strong>in</strong></span> <span class='ocrx_word' id='word_1_241' title='bbox 1352 3359 1468 3418; x_wconf 88' lang='lat' dir='ltr'><strong>lacuna</strong></span> <span class='ocrx_word' id='word_1_242' title='bbox 1490 3358 1574 3417; x_wconf 89' lang='lat' dir='ltr'><strong>abA</strong></span> 
     </span>
     <span class='ocr_line' id='line_1_30' title="bbox 350 3452 1573 3536; baseline -0.006 -17"><span class='ocrx_word' id='word_1_243' title='bbox 350 3462 421 3536; x_wconf 89' lang='lat' dir='ltr'><strong>post</strong></span> <span class='ocrx_word' id='word_1_244' title='bbox 456 3458 499 3525; x_wconf 87' lang='grc' dir='ltr'><strong>εἰς</strong></span> <span class='ocrx_word' id='word_1_245' title='bbox 532 3458 639 3517; x_wconf 90' lang='lat' dir='ltr'><strong>relicta</strong></span> <span class='ocrx_word' id='word_1_246' title='bbox 675 3457 820 3532; x_wconf 90' lang='lat' dir='ltr'><strong>suppleta</strong></span> <span class='ocrx_word' id='word_1_247' title='bbox 856 3460 932 3516; x_wconf 90' lang='lat' dir='ltr'><strong>sunt</strong></span> <span class='ocrx_word' id='word_1_248' title='bbox 963 3474 981 3516; x_wconf 87' lang='lat' dir='ltr'><strong>a</strong></span> <span class='ocrx_word' id='word_1_249' title='bbox 1015 3457 1039 3515; x_wconf 94' lang='lat' dir='ltr'>L</span> <span class='ocrx_word' id='word_1_250' title='bbox 1070 3457 1168 3516; x_wconf 88' lang='lat' dir='ltr'><strong>verba</strong></span> <span class='ocrx_word' id='word_1_251' title='bbox 1199 3453 1271 3524; x_wconf 84' lang='grc' dir='ltr'><em>τοὺς</em></span> <span class='ocrx_word' id='word_1_252' title='bbox 1301 3452 1379 3534; x_wconf 84' lang='grc' dir='ltr'><em>μετὰ</em></span> <span class='ocrx_word' id='word_1_253' title='bbox 1409 3452 1573 3515; x_wconf 82' lang='grc' dir='ltr'><em>Λεωνίὸοο</em></span> 
     </span>
     <span class='ocr_line' id='line_1_31' title="bbox 350 3551 1574 3636; baseline -0.004 -21"><span class='ocrx_word' id='word_1_254' title='bbox 350 3555 586 3636; x_wconf 78' lang='grc' dir='ltr'><em>τελευτήσαντας</em></span> <span class='ocrx_word' id='word_1_255' title='bbox 614 3554 646 3614; x_wconf 87' lang='grc' dir='ltr'><strong>έν</strong></span> <span class='ocrx_word' id='word_1_256' title='bbox 672 3551 902 3633; x_wconf 80' lang='grc' dir='ltr'><em>Θερμοπύλαις.</em></span> <span class='ocrx_word' id='word_1_257' title='bbox 934 3556 1059 3614; x_wconf 84' lang='lat' dir='ltr'><strong>Etenim</strong></span> <span class='ocrx_word' id='word_1_258' title='bbox 1082 3554 1234 3615; x_wconf 58' lang='lat' dir='ltr'><strong>scriba&#39;A</strong></span> <span class='ocrx_word' id='word_1_259' title='bbox 1255 3572 1375 3615; x_wconf 91' lang='lat' dir='ltr'><strong>munus</strong></span> <span class='ocrx_word' id='word_1_260' title='bbox 1396 3553 1574 3613; x_wconf 85' lang='lat' dir='ltr'><strong>ascribendi</strong></span> 
     </span>
     <span class='ocr_line' id='line_1_32' title="bbox 349 3649 1574 3728; baseline -0.004 -15"><span class='ocrx_word' id='word_1_261' title='bbox 349 3657 496 3720; x_wconf 88' lang='lat' dir='ltr'><strong>lemmata</strong></span> <span class='ocrx_word' id='word_1_262' title='bbox 524 3659 620 3728; x_wconf 88' lang='lat' dir='ltr'><strong>atque</strong></span> <span class='ocrx_word' id='word_1_263' title='bbox 647 3656 814 3713; x_wconf 92' lang='lat' dir='ltr'><strong>auctorum</strong></span> <span class='ocrx_word' id='word_1_264' title='bbox 839 3653 948 3710; x_wconf 89' lang='lat' dir='ltr'><strong>titulos</strong></span> <span class='ocrx_word' id='word_1_265' title='bbox 969 3652 1181 3727; x_wconf 88' lang='lat' dir='ltr'><strong>dereliquerat</strong></span> <span class='ocrx_word' id='word_1_266' title='bbox 1201 3653 1276 3710; x_wconf 92' lang='lat' dir='ltr'><strong>inde</strong></span> <span class='ocrx_word' id='word_1_267' title='bbox 1297 3652 1337 3712; x_wconf 93' lang='lat' dir='ltr'><strong>ab</strong></span> <span class='ocrx_word' id='word_1_268' title='bbox 1358 3670 1406 3727; x_wconf 92' lang='lat' dir='ltr'><strong>ep.</strong></span> <span class='ocrx_word' id='word_1_269' title='bbox 1425 3652 1496 3710; x_wconf 92' lang='lat' dir='ltr'><strong>VII.</strong></span> <span class='ocrx_word' id='word_1_270' title='bbox 1519 3649 1574 3709; x_wconf 79' lang='lat'><strong>156</strong></span> 
     </span>
     <span class='ocr_line' id='line_1_33' title="bbox 352 3749 1573 3831; baseline -0.005 -19"><span class='ocrx_word' id='word_1_271' title='bbox 352 3752 433 3831; x_wconf 91' lang='lat' dir='ltr'><strong>(cod.</strong></span> <span class='ocrx_word' id='word_1_272' title='bbox 458 3771 530 3830; x_wconf 87' lang='lat' dir='ltr'><strong>pag.</strong></span> <span class='ocrx_word' id='word_1_273' title='bbox 555 3751 627 3829; x_wconf 83' lang='lat'><strong>229)</strong></span> <span class='ocrx_word' id='word_1_274' title='bbox 651 3753 747 3827; x_wconf 90' lang='lat' dir='ltr'><strong>idque</strong></span> <span class='ocrx_word' id='word_1_275' title='bbox 768 3752 800 3810; x_wconf 92' lang='lat' dir='ltr'><strong>in</strong></span> <span class='ocrx_word' id='word_1_276' title='bbox 823 3769 895 3826; x_wconf 92' lang='lat' dir='ltr'><strong>pag.</strong></span> <span class='ocrx_word' id='word_1_277' title='bbox 920 3752 988 3810; x_wconf 89' lang='lat' dir='ltr'><strong>cod.</strong></span> <span class='ocrx_word' id='word_1_278' title='bbox 1014 3751 1072 3810; x_wconf 88' lang='grc'><strong>243</strong></span> <span class='ocrx_word' id='word_1_279' title='bbox 1094 3752 1200 3810; x_wconf 91' lang='lat' dir='ltr'><strong>denuo</strong></span> <span class='ocrx_word' id='word_1_280' title='bbox 1221 3751 1384 3826; x_wconf 89' lang='lat' dir='ltr'><strong>suscipere</strong></span> <span class='ocrx_word' id='word_1_281' title='bbox 1404 3750 1431 3808; x_wconf 88' lang='lat' dir='ltr'><strong>ei</strong></span> <span class='ocrx_word' id='word_1_282' title='bbox 1453 3751 1522 3808; x_wconf 90' lang='lat' dir='ltr'><strong>erat</strong></span> <span class='ocrx_word' id='word_1_283' title='bbox 1543 3749 1573 3806; x_wconf 93' lang='lat' dir='ltr'><strong>in</strong></span> 
     </span>
     <span class='ocr_line' id='line_1_34' title="bbox 350 3848 1574 3928; baseline -0.006 -17"><span class='ocrx_word' id='word_1_284' title='bbox 350 3853 465 3911; x_wconf 89' lang='lat' dir='ltr'><strong>animo.</strong></span> <span class='ocrx_word' id='word_1_285' title='bbox 489 3852 641 3928; x_wconf 84' lang='lat' dir='ltr'><strong>Appinxit</strong></span> <span class='ocrx_word' id='word_1_286' title='bbox 659 3852 756 3927; x_wconf 91' lang='lat' dir='ltr'><strong>igitur</strong></span> <span class='ocrx_word' id='word_1_287' title='bbox 773 3849 902 3909; x_wconf 91' lang='lat' dir='ltr'><strong>nomina</strong></span> <span class='ocrx_word' id='word_1_288' title='bbox 922 3853 1086 3924; x_wconf 89' lang='lat' dir='ltr'><strong>poetarum</strong></span> <span class='ocrx_word' id='word_1_289' title='bbox 1103 3849 1252 3908; x_wconf 87' lang='lat' dir='ltr'><strong>omnibus</strong></span> <span class='ocrx_word' id='word_1_290' title='bbox 1269 3849 1404 3923; x_wconf 88' lang='lat' dir='ltr'><strong>paginae</strong></span> <span class='ocrx_word' id='word_1_291' title='bbox 1419 3848 1574 3923; x_wconf 88' lang='lat' dir='ltr'><strong>epigram·</strong></span> 
     </span>
     <span class='ocr_line' id='line_1_35' title="bbox 350 3945 1571 4027; baseline -0.004 -20"><span class='ocrx_word' id='word_1_292' title='bbox 350 3951 444 4008; x_wconf 92' lang='lat' dir='ltr'><strong>matis</strong></span> <span class='ocrx_word' id='word_1_293' title='bbox 468 3950 552 4027; x_wconf 89' lang='lat' dir='ltr'><strong>(VII.</strong></span> <span class='ocrx_word' id='word_1_294' title='bbox 570 3947 754 4024; x_wconf 85' lang='grc'><strong>238-244),</strong></span> <span class='ocrx_word' id='word_1_295' title='bbox 779 3949 927 4007; x_wconf 89' lang='lat' dir='ltr'><strong>lemmata</strong></span> <span class='ocrx_word' id='word_1_296' title='bbox 949 3950 1054 4006; x_wconf 88' lang='lat' dir='ltr'><strong>autem</strong></span> <span class='ocrx_word' id='word_1_297' title='bbox 1076 3950 1201 4007; x_wconf 90' lang='lat' dir='ltr'><strong>tantum</strong></span> <span class='ocrx_word' id='word_1_298' title='bbox 1224 3948 1376 4021; x_wconf 90' lang='lat' dir='ltr'><strong>quattuor</strong></span> <span class='ocrx_word' id='word_1_299' title='bbox 1396 3945 1571 4020; x_wconf 75' lang='lat' dir='ltr'><strong>prioribuS,</strong></span> 
     </span>
     <span class='ocr_line' id='line_1_36' title="bbox 350 4043 1573 4124; baseline -0.007 -17"><span class='ocrx_word' id='word_1_300' title='bbox 350 4052 418 4107; x_wconf 91' lang='lat' dir='ltr'><strong>tum</strong></span> <span class='ocrx_word' id='word_1_301' title='bbox 446 4067 519 4108; x_wconf 90' lang='lat' dir='ltr'><strong>cum</strong></span> <span class='ocrx_word' id='word_1_302' title='bbox 547 4049 652 4124; x_wconf 89' lang='lat' dir='ltr'><strong>operis</strong></span> <span class='ocrx_word' id='word_1_303' title='bbox 681 4047 836 4121; x_wconf 87' lang='lat' dir='ltr'><strong>resumpti</strong></span> <span class='ocrx_word' id='word_1_304' title='bbox 864 4047 970 4104; x_wconf 89' lang='lat' dir='ltr'><strong>denuo</strong></span> <span class='ocrx_word' id='word_1_305' title='bbox 998 4047 1116 4120; x_wconf 90' lang='lat' dir='ltr'><strong>piguit,</strong></span> <span class='ocrx_word' id='word_1_306' title='bbox 1151 4062 1215 4119; x_wconf 91' lang='lat' dir='ltr'><strong>quo</strong></span> <span class='ocrx_word' id='word_1_307' title='bbox 1243 4046 1380 4118; x_wconf 90' lang='lat' dir='ltr'><strong>factum,</strong></span> <span class='ocrx_word' id='word_1_308' title='bbox 1415 4046 1450 4102; x_wconf 92' lang='lat' dir='ltr'><strong>ut</strong></span> <span class='ocrx_word' id='word_1_309' title='bbox 1479 4043 1573 4101; x_wconf 87' lang='lat' dir='ltr'><strong>trium</strong></span> 
     </span>
     <span class='ocr_line' id='line_1_37' title="bbox 349 4138 1575 4221; baseline 0 -17"><span class='ocrx_word' id='word_1_310' title='bbox 349 4147 616 4221; x_wconf 89' lang='lat' dir='ltr'><strong>epigrammatum</strong></span> <span class='ocrx_word' id='word_1_311' title='bbox 646 4142 831 4221; x_wconf 82' lang='grc'><strong>(242-244)</strong></span> <span class='ocrx_word' id='word_1_312' title='bbox 861 4144 1026 4218; x_wconf 89' lang='lat' dir='ltr'><strong>lemmata,</strong></span> <span class='ocrx_word' id='word_1_313' title='bbox 1058 4161 1196 4217; x_wconf 89' lang='lat' dir='ltr'><strong>quorum</strong></span> <span class='ocrx_word' id='word_1_314' title='bbox 1224 4145 1350 4201; x_wconf 88' lang='lat' dir='ltr'><strong>tantum</strong></span> <span class='ocrx_word' id='word_1_315' title='bbox 1379 4141 1509 4200; x_wconf 89' lang='lat' dir='ltr'><strong>exordia</strong></span> <span class='ocrx_word' id='word_1_316' title='bbox 1534 4138 1575 4204; x_wconf 78' lang='grc' dir='ltr'><strong>εἰς</strong></span> 
     </span>
     <span class='ocr_line' id='line_1_38' title="bbox 349 4238 1574 4316; baseline -0.006 -14"><span class='ocrx_word' id='word_1_317' title='bbox 349 4245 492 4302; x_wconf 91' lang='lat' dir='ltr'><strong>omnium</strong></span> <span class='ocrx_word' id='word_1_318' title='bbox 525 4243 705 4302; x_wconf 90' lang='lat' dir='ltr'><strong>communia</strong></span> <span class='ocrx_word' id='word_1_319' title='bbox 737 4243 946 4316; x_wconf 89' lang='lat' dir='ltr'><strong>apposuerat,</strong></span> <span class='ocrx_word' id='word_1_320' title='bbox 981 4241 1190 4299; x_wconf 89' lang='lat' dir='ltr'><strong>lemmatistac</strong></span> <span class='ocrx_word' id='word_1_321' title='bbox 1221 4257 1337 4298; x_wconf 89' lang='lat' dir='ltr'><strong>manus</strong></span> <span class='ocrx_word' id='word_1_322' title='bbox 1370 4238 1574 4313; x_wconf 75' lang='lat' dir='ltr'><strong>suppleturos</strong></span> 
     </span>
     <span class='ocr_line' id='line_1_39' title="bbox 349 4335 1573 4416; baseline -0.006 -17"><span class='ocrx_word' id='word_1_323' title='bbox 349 4344 515 4416; x_wconf 88' lang='lat' dir='ltr'><strong>expectare</strong></span> <span class='ocrx_word' id='word_1_324' title='bbox 545 4340 705 4399; x_wconf 87' lang='lat' dir='ltr'><strong>deberent.</strong></span> <span class='ocrx_word' id='word_1_325' title='bbox 740 4339 833 4397; x_wconf 91' lang='lat' dir='ltr'><strong>Nulla</strong></span> <span class='ocrx_word' id='word_1_326' title='bbox 865 4341 970 4396; x_wconf 88' lang='lat' dir='ltr'><strong>autem</strong></span> <span class='ocrx_word' id='word_1_327' title='bbox 1002 4339 1050 4396; x_wconf 89' lang='lat' dir='ltr'><strong>est</strong></span> <span class='ocrx_word' id='word_1_328' title='bbox 1081 4355 1198 4411; x_wconf 87' lang='lat' dir='ltr'><strong>causa,</strong></span> <span class='ocrx_word' id='word_1_329' title='bbox 1234 4355 1291 4396; x_wconf 88' lang='lat' dir='ltr'><strong>our</strong></span> <span class='ocrx_word' id='word_1_330' title='bbox 1320 4336 1406 4395; x_wconf 91' lang='lat' dir='ltr'><strong>bunc</strong></span> <span class='ocrx_word' id='word_1_331' title='bbox 1438 4335 1573 4394; x_wconf 88' lang='lat' dir='ltr'><strong>scribam</strong></span> 
     </span>
     <span class='ocr_line' id='line_1_40' title="bbox 349 4433 1574 4510; baseline -0.006 -14"><span class='ocrx_word' id='word_1_332' title='bbox 349 4439 472 4498; x_wconf 86' lang='lat' dir='ltr'><strong>ficticiis</strong></span> <span class='ocrx_word' id='word_1_333' title='bbox 500 4439 657 4497; x_wconf 92' lang='lat' dir='ltr'><strong>lemmatis</strong></span> <span class='ocrx_word' id='word_1_334' title='bbox 681 4441 711 4496; x_wconf 91' lang='lat' dir='ltr'><strong>et</strong></span> <span class='ocrx_word' id='word_1_335' title='bbox 733 4438 913 4496; x_wconf 89' lang='lat' dir='ltr'><strong>Mnasalcae</strong></span> <span class='ocrx_word' id='word_1_336' title='bbox 934 4454 982 4510; x_wconf 90' lang='lat' dir='ltr'><strong>ep.</strong></span> <span class='ocrx_word' id='word_1_337' title='bbox 1007 4439 1037 4494; x_wconf 93' lang='lat' dir='ltr'><strong>et</strong></span> <span class='ocrx_word' id='word_1_338' title='bbox 1059 4437 1223 4509; x_wconf 89' lang='lat' dir='ltr'><strong>sequentia</strong></span> <span class='ocrx_word' id='word_1_339' title='bbox 1245 4434 1303 4493; x_wconf 84' lang='grc'><strong>243</strong></span> <span class='ocrx_word' id='word_1_340' title='bbox 1326 4452 1374 4509; x_wconf 93' lang='lat' dir='ltr'><strong>sq.</strong></span> <span class='ocrx_word' id='word_1_341' title='bbox 1400 4433 1574 4491; x_wconf 89' lang='lat' dir='ltr'><strong>munivisse</strong></span> 
     </span>
     <span class='ocr_line' id='line_1_41' title="bbox 349 4531 1574 4612; baseline -0.007 -17"><span class='ocrx_word' id='word_1_342' title='bbox 349 4539 515 4612; x_wconf 89' lang='lat' dir='ltr'><strong>putemus,</strong></span> <span class='ocrx_word' id='word_1_343' title='bbox 545 4537 731 4611; x_wconf 89' lang='lat' dir='ltr'><strong>praesertim</strong></span> <span class='ocrx_word' id='word_1_344' title='bbox 758 4554 830 4594; x_wconf 92' lang='lat' dir='ltr'><strong>cum</strong></span> <span class='ocrx_word' id='word_1_345' title='bbox 857 4553 905 4610; x_wconf 91' lang='lat' dir='ltr'><strong>ep.</strong></span> <span class='ocrx_word' id='word_1_346' title='bbox 930 4534 1146 4592; x_wconf 89' lang='lat' dir='ltr'><strong>Mnasalceum</strong></span> <span class='ocrx_word' id='word_1_347' title='bbox 1172 4551 1284 4591; x_wconf 88' lang='lat' dir='ltr'><strong>revera</strong></span> <span class='ocrx_word' id='word_1_348' title='bbox 1306 4531 1574 4606; x_wconf 88' lang='lat' dir='ltr'><strong>Thermopylense</strong></span> 
     </span>
     <span class='ocr_line' id='line_1_42' title="bbox 349 4626 1573 4710; baseline -0.006 -18"><span class='ocrx_word' id='word_1_349' title='bbox 349 4653 419 4693; x_wconf 88' lang='lat' dir='ltr'><strong>esse</strong></span> <span class='ocrx_word' id='word_1_350' title='bbox 448 4635 622 4692; x_wconf 90' lang='lat' dir='ltr'><strong>viderimus</strong></span> <span class='ocrx_word' id='word_1_351' title='bbox 650 4637 680 4692; x_wconf 90' lang='lat' dir='ltr'><strong>et</strong></span> <span class='ocrx_word' id='word_1_352' title='bbox 707 4652 755 4710; x_wconf 92' lang='lat' dir='ltr'><strong>ep.</strong></span> <span class='ocrx_word' id='word_1_353' title='bbox 780 4634 838 4692; x_wconf 91' lang='grc'><strong>243</strong></span> <span class='ocrx_word' id='word_1_354' title='bbox 867 4633 955 4691; x_wconf 92' lang='lat' dir='ltr'><strong>Lollii</strong></span> <span class='ocrx_word' id='word_1_355' title='bbox 982 4632 1091 4705; x_wconf 89' lang='lat' dir='ltr'><strong>Bassi,</strong></span> <span class='ocrx_word' id='word_1_356' title='bbox 1124 4632 1209 4704; x_wconf 90' lang='lat' dir='ltr'><strong>quod</strong></span> <span class='ocrx_word' id='word_1_357' title='bbox 1231 4630 1372 4688; x_wconf 89' lang='lat' dir='ltr'><strong>eiusdem</strong></span> <span class='ocrx_word' id='word_1_358' title='bbox 1395 4626 1573 4704; x_wconf 91' lang='lat' dir='ltr'><strong>argumenti</strong></span> 
     </span>
     <span class='ocr_line' id='line_1_43' title="bbox 349 4725 1573 4808; baseline -0.007 -17"><span class='ocrx_word' id='word_1_359' title='bbox 349 4733 467 4808; x_wconf 89' lang='lat' dir='ltr'><strong>gaudet</strong></span> <span class='ocrx_word' id='word_1_360' title='bbox 487 4733 649 4806; x_wconf 89' lang='lat' dir='ltr'><strong>lemmate,</strong></span> <span class='ocrx_word' id='word_1_361' title='bbox 675 4749 795 4790; x_wconf 89' lang='lat' dir='ltr'><strong>meram</strong></span> <span class='ocrx_word' id='word_1_362' title='bbox 816 4731 977 4790; x_wconf 90' lang='lat' dir='ltr'><strong>continere</strong></span> <span class='ocrx_word' id='word_1_363' title='bbox 995 4729 1141 4788; x_wconf 87' lang='lat' dir='ltr'><strong>videatur</strong></span> <span class='ocrx_word' id='word_1_364' title='bbox 1160 4728 1354 4786; x_wconf 86' lang='lat' dir='ltr'><strong>celeberrimi</strong></span> <span class='ocrx_word' id='word_1_365' title='bbox 1372 4745 1420 4801; x_wconf 94' lang='lat' dir='ltr'><strong>ep.</strong></span> <span class='ocrx_word' id='word_1_366' title='bbox 1442 4726 1519 4785; x_wconf 93' lang='lat' dir='ltr'><strong>Sim.</strong></span> <span class='ocrx_word' id='word_1_367' title='bbox 1537 4725 1573 4784; x_wconf 91' lang='grc'><strong>92</strong></span> 
     </span>
     <span class='ocr_line' id='line_1_44' title="bbox 349 4825 1572 4906; baseline -0.006 -17"><span class='ocrx_word' id='word_1_368' title='bbox 349 4830 592 4890; x_wconf 89' lang='lat' dir='ltr'><strong>enarrationem.</strong></span> <span class='ocrx_word' id='word_1_369' title='bbox 631 4830 880 4906; x_wconf 83' lang='lat' dir='ltr'><strong>Epigrammatis</strong></span> <span class='ocrx_word' id='word_1_370' title='bbox 903 4827 1073 4887; x_wconf 89' lang='lat' dir='ltr'><strong>Mnasaloei</strong></span> <span class='ocrx_word' id='word_1_371' title='bbox 1095 4827 1209 4884; x_wconf 89' lang='lat' dir='ltr'><strong>lemma</strong></span> <span class='ocrx_word' id='word_1_372' title='bbox 1231 4843 1267 4884; x_wconf 89' lang='lat' dir='ltr'><strong>ea</strong></span> <span class='ocrx_word' id='word_1_373' title='bbox 1289 4828 1390 4884; x_wconf 88' lang='lat' dir='ltr'><strong>aetate</strong></span> <span class='ocrx_word' id='word_1_374' title='bbox 1411 4825 1572 4884; x_wconf 86' lang='lat' dir='ltr'><strong>conditum</strong></span> 
     </span>
    </p>
   </div>
   <div class='ocr_carea' id='block_1_3' title="bbox 0 0 1790 5716">
    <p class='ocr_par' dir='ltr' id='par_1_5' title="bbox 0 0 1790 5716">
     <span class='ocr_line' id='line_1_45' title="bbox 0 0 1790 5716; baseline 0 0"><span class='ocrx_word' id='word_1_375' title='bbox 0 0 1790 5716; x_wconf 95' lang='lat' dir='ltr'><strong> </strong></span> 
     </span>
    </p>
   </div>
  </div>
 </body>
</html>
