3572 5716
790 508 848 567 aaa
1219 504 1238 582 a
1262 505 1335 582 136,
1362 506 1429 566 137.

205 695 284 755 iecta
305 699 405 770 esset,
429 696 681 754 demonstratum
704 697 752 754 est
776 693 795 771 ξ
819 694 866 760 60,
892 694 1068 753 Discrimen
1091 694 1267 752 formarum
1288 693 1326 751 Α1
1346 695 1376 752 et
1394 691 1432 751 A²

206 794 385 853 ostenditur
411 794 444 852 in
473 793 661 853 lectionibus
689 794 808 853 tribus:
838 811 905 852 var.
938 794 955 852 5
982 792 1021 850 A¹
1051 790 1152 870 ἐπέχει
1181 825 1219 832 -
1246 789 1284 850 A²
1306 789 1429 870 ἐφέποι,

207 909 273 950 var.
300 892 317 950 7
338 890 377 949 A¹
400 895 540 951 τοιοῦτον
562 923 599 932 -
622 891 662 949 A*
677 889 817 963 κάλλιον;
835 909 903 950 var.
923 892 960 949 10
974 892 1013 949 A¹
1030 887 1168 968 Μήδους
1183 923 1221 930 --
1236 890 1276 948 A*
1292 887 1429 968 Μήδων.

207 989 288 1049 Cum
314 1006 363 1063 ep.
394 989 455 1047 ΑΡ.
487 989 557 1047 VII.
589 989 647 1048 296
676 989 708 1047 in
731 1006 845 1048 versus
869 990 885 1048 7
907 989 993 1047 exitu
1014 989 1163 1047 lacunam
1184 988 1296 1064 habet,
1327 987 1433 1046 dirimi

205 1088 333 1162 nequit,
362 1090 470 1146 utrum
492 1087 649 1146 informa
671 1085 726 1161 A¹,
756 1088 968 1147 aCollectore
989 1090 1162 1161 usurpata,
1192 1089 1227 1146 ut
1248 1086 1281 1144 in
1302 1085 1352 1161 ΑΙ,
1377 1084 1431 1144 ὑπ’

206 1183 295 1262 αὐτῷ
315 1202 374 1260 an,
398 1187 433 1243 ut
454 1184 487 1242 in
508 1184 564 1261 A³,
589 1183 644 1244 ὑπ’
668 1182 774 1244 αὐτῶν
795 1187 963 1261 legeretur.

246 1283 275 1342 3.
321 1283 568 1358 Epigrammatis
592 1283 649 1342 140
671 1286 705 1342 nt
726 1285 807 1343 trad.
828 1284 855 1341 A
876 1283 1013 1342 dilucide
1033 1301 1070 1343 eo
1091 1283 1290 1358 dignoscitur
1308 1300 1326 1340 a
1349 1283 1430 1341 trad.

208 1381 249 1456 S,-
279 1383 366 1456 quod
392 1383 546 1442 Collector
566 1383 668 1440 forma
690 1381 929 1458 epigrammatis
951 1380 1018 1440 aab
1041 1398 1104 1439 non
1126 1381 1282 1440 intellecta
1303 1397 1434 1439 versum

206 1479 362 1538 minorem
390 1482 462 1554 post
490 1481 628 1555 priorem
656 1480 808 1538 maiorem
836 1479 967 1538 intrusit
994 1477 1047 1555 (cf.
1069 1479 1273 1538 Wilamowitz
1295 1497 1325 1553 p.
1347 1477 1431 1554 312),

206 1577 248 1635 ita
284 1578 361 1652 quid
396 1578 572 1654 invenerit,
610 1578 687 1653 quid
721 1577 842 1636 dederit
878 1577 1031 1636 Collector
1065 1577 1257 1651 comparatis
1287 1577 1370 1635 inter
1401 1593 1436 1634 se
1541 1563 1547 1580 ⁸

206 1675 396 1733 testimoniis
424 1675 631 1735 traditionum
658 1676 684 1733 A
714 1675 810 1749 (Plut.
839 1675 934 1733 Arist.
964 1673 1000 1733 19
1029 1677 1059 1734 et
1084 1675 1123 1733 de
1145 1675 1220 1733 Her.
1242 1676 1314 1733 mal.
1336 1674 1374 1733 42
1395 1700 1435 1722 =

209 1774 286 1831 Mor.
311 1773 370 1832 867
392 1772 417 1849 f)
447 1776 477 1832 et
505 1773 526 1834 S
557 1772 631 1851 (ΑΡ.
653 1774 706 1831 VI.
732 1773 770 1832 50
797 1775 827 1832 et
848 1773 920 1832 APl.
942 1773 995 1840 VI.
1022 1773 1068 1831 19.
1095 1770 1125 1847 1)
1148 1771 1284 1830 diversis
1306 1772 1434 1830 demum

207 1872 357 1930 constitui
379 1874 491 1946 potest.

247 1970 342 2028 Trad.
365 1970 389 2028 A
412 1967 547 2045 (textum
568 1970 702 2029 exhibeo
722 1970 811 2029 Vitae
831 1970 927 2028 Arist.
948 1970 1080 2028 inclusis
1101 1967 1247 2028 cancellis
1266 1967 1434 2026 Moralium

207 2065 410 2147 lectionibus)
437 2068 482 2127 sic
502 2068 633 2144 legitur:
937 2077 939 2082 '

208 2163 297 2224 τόνθε
316 2163 410 2224 ποθ’
432 2165 524 2242 (Mor.
546 2164 638 2241 μεθ’)
656 2162 803 2242 Ἕλληνες
824 2162 924 2231 νίκας
947 2164 1076 2243 (Μ.-ην)
1099 2161 1204 2241 κράτει
1222 2162 1307 2241 ἔργῳ
1319 2159 1436 2240 Ἄρηος

209 2258 337 2340 Πέρσας
359 2261 570 2333 ἐξελάσαντες,
592 2261 774 2339 ἐλεύθερον
797 2262 909 2340 (Μ.-ᾳ)
929 2259 1053 2322 Ἑλλάδι
1073 2257 1182 2321 κοινὸν

247 2358 415 2437 ἱδρύσαντο
437 2358 511 2428 Διὸς
531 2358 647 2437 βωμὸν
663 2358 875 2438 Ἐλευθερίου.

209 2459 360 2518 Errorem
380 2477 450 2518 esse
470 2458 558 2535 μεθ’,
583 2460 794 2535 depravatum
815 2477 886 2518 esse
907 2458 997 2537 νίκην
1014 2476 1053 2517 ex
1070 2456 1174 2536 νίκης,
1199 2458 1285 2531 quod
1300 2458 1332 2515 in
1348 2455 1436 2522 νίκας

209 2557 241 2614 in
269 2558 329 2616 vit.
359 2557 410 2620 Ar..
439 2561 625 2633 corruptum
654 2559 711 2634 sit,
743 2575 835 2617 nemo
863 2575 928 2616 non
957 2557 1051 2616 videt.
1083 2557 1262 2616 Lectionem
1284 2553 1435 2632 ἐλευθέρᾳ

209 2655 301 2714 unice
340 2657 515 2715 sententiae
553 2659 659 2731 aptam
696 2657 868 2732 genuinam
907 2672 978 2714 esse
1008 2655 1237 2728 lectionemque
1268 2649 1437 2728 ἐλεύθερον

210 2752 407 2811 abiciendam
437 2755 544 2829 quivis
576 2756 779 2830 concederet,
814 2755 876 2812 nisi
906 2755 1014 2812 itidem
1045 2755 1077 2811 in
1109 2752 1191 2811 trad.
1225 2751 1247 2811 S
1279 2751 1437 2828 legeretur

210 2847 379 2926 ἐλεύθερον
400 2869 443 2911 sc.
466 2849 589 2912 Ἑλλάδι
609 2850 681 2912 udo
688 2873 773 2929 μον.
805 2853 1008 2926 Quamquam
1030 2851 1154 2910 nullum
1176 2851 1261 2908 extat
1283 2849 1433 2924 dubium,

210 2948 286 3021 quin
318 2952 429 3008 auctor
460 2951 610 3010 carminis
642 2951 763 3010 dederit
794 2948 992 3027 ἐλευθέρᾳ
1020 2945 1143 3008 Ἑλλάδι
1171 2943 1296 3022 κοινὸν,
1330 2950 1436 3006 tamen
1476 2932 1478 2936 ¹

211 3045 364 3105 Collector
391 3047 469 3106 illud
498 3048 689 3107 vocabulum
718 3049 780 3107 iam
809 3048 841 3105 in
871 3045 1041 3124 ἐλεύθερον
1068 3048 1256 3122 corruptum
1278 3045 1438 3119 accepisse

210 3144 336 3203 videtur
363 3178 402 3186 —
430 3164 539 3205 vocem
567 3147 651 3204 enim
679 3143 787 3206 κοινὸν
815 3164 879 3204 non
909 3145 1107 3205 sollicitasset
1117 3143 1143 3220 2)
1167 3144 1229 3203 nisi
1249 3144 1282 3202 in
1304 3161 1340 3203 ea
1362 3143 1436 3203 sub·

211 3243 386 3301 stantivum
407 3244 505 3303 latere
526 3247 686 3320 putasset,
712 3245 762 3303 cui
776 3244 967 3303 attributum
982 3245 1065 3302 esset
1080 3243 1240 3317 epitheton
1256 3238 1437 3316 ἐλεύθερον

212 3338 264 3415 (el.
292 3341 387 3400 etiam
417 3340 436 3418 ἓ
467 3342 549 3419 139).
583 3345 664 3402 Nam
693 3344 778 3418 quod
808 3361 881 3401 cum
908 3343 942 3401 in
971 3341 1133 3400 Plutarchi
1154 3341 1243 3400 Vitae
1263 3339 1437 3398 Aristideae

211 3438 371 3497 codicibus
393 3443 461 3498 tum
482 3441 515 3500 in
538 3442 726 3518 Anthologia
749 3442 892 3500 Palatina
914 3441 997 3498 idem
1019 3442 1105 3499 extat
1126 3440 1254 3513 vitium,
1284 3456 1321 3498 eo
1341 3438 1436 3512 expli·

211 3536 348 3594 candum
369 3540 432 3613 est,
457 3540 544 3613 quod
566 3558 638 3599 cum
658 3540 850 3598 Plutarchus
865 3541 934 3597 tum
949 3538 1103 3597 Collector
1118 3538 1313 3611 epigramma
1329 3535 1437 3594 hausit

210 3651 247 3691 ex
276 3635 421 3710 Ephoro,
454 3637 540 3717 apud
568 3655 663 3712 quem
693 3637 884 3696 vocabulum
912 3637 976 3695 iam
1005 3636 1192 3710 corruptum
1213 3633 1379 3708 legebatur
1395 3631 1433 3708 3).

211 3732 248 3790 In
270 3733 438 3792 Moralium
461 3734 622 3793 codicibus
644 3735 707 3794 iam
730 3735 829 3793 scitus
850 3735 947 3793 lector
969 3734 1019 3792 vel
1039 3733 1190 3791 librarius
1212 3731 1316 3790 attulit
1334 3731 1436 3789 mede-

210 3829 272 3887 lam
303 3831 484 3904 proclivem.
521 3832 619 3907 Origo
643 3833 707 3890 vitii
730 3832 839 3890 eadem
861 3850 932 3891 esse
953 3831 1078 3890 videtur
1100 3833 1195 3905 atque
1216 3830 1285 3888 eius
1307 3846 1436 3903 corrup·

210 3928 304 4004 telae,
323 3946 387 4002 qua
403 3931 538 3988 alterum
553 3930 650 3989 huius
665 3931 845 3990 traditionis
860 3932 964 3990 locum
980 3930 1130 3988 aflectum
1144 3945 1215 3986 esse
1229 3929 1315 4002 puto.
1334 3927 1437 3986 Verba

210 4026 293 4084 enim
315 4026 493 4087 difficiliora
515 4029 548 4086 in
570 4029 673 4103 primo
695 4046 791 4086 versu
813 4029 902 4106 νίκης
922 4025 1028 4104 κράτει
1049 4025 1133 4104 έργῳ
1146 4022 1264 4102 Ἄρηος
1277 4027 1307 4084 et
1323 4025 1437 4084 Collec-

211 4123 287 4182 toris
318 4122 427 4203 (ῥώμῃ
456 4121 566 4203 χερός,
596 4125 618 4184 ἐ.
639 4122 698 4201 ’'A.)
722 4129 752 4184 et
773 4127 899 4185 lectoris
920 4126 970 4185 vel
990 4124 1113 4184 librarii
1134 4123 1269 4182 alicuius
1290 4124 1322 4182 in
1345 4123 1434 4182 codd.

211 4221 269 4279 Vit.
297 4223 350 4280 Ar.
378 4223 573 4297 quibusdam
605 4222 659 4300 (Fa
686 4246 712 4283 ν.
734 4246 762 4282 κ.
784 4221 883 4300 πόθῳ
905 4222 1034 4300 ἄργεος,
1063 4217 1219 4299 Βᾶργος)
1243 4223 1273 4280 et
1296 4221 1437 4280 virorum

211 4318 376 4377 doctorum
391 4320 580 4380 coniecturis
595 4323 747 4396 temptata
764 4324 849 4380 sunt.
874 4321 1030 4396 Equidem
1045 4323 1206 4380 auctorem
1221 4319 1347 4378 dedisse
1361 4321 1438 4394 puto

214 4470 371 4480 —u—-

243 4567 266 4629 2)
299 4569 394 4632 Neque
412 4572 498 4619 locum
517 4571 638 4634 expedire
657 4573 742 4634 potuit
759 4572 900 4635 Aristides,
918 4572 964 4635 qui
982 4586 1055 4620 aram
1072 4567 1187 4634 κοινὴν
1203 4567 1370 4633 πορακλῆοιν
1382 4566 1438 4618 κτλ,

212 4651 254 4714 (cl.
272 4652 284 4715 ἓ
301 4653 346 4715 69)
363 4654 499 4703 continere
518 4656 626 4717 putavit.

243 4735 266 4798 3)
300 4738 387 4787 Etiam
411 4725 562 4802 corruptela
583 4735 707 4789 ἀνέθεντο
732 4756 775 4804 pro
799 4736 893 4788 ἀνέθεν
910 4742 938 4790 in
957 4755 996 4803 ep.
1014 4738 1063 4789 134
1080 4756 1141 4789 cum
1160 4741 1228 4802 apud
1249 4741 1317 4788 Plut.
1335 4745 1393 4787 tum
1412 4739 1438 4786 in

212 4819 261 4870 ΑΡ.
279 4823 355 4872 obvia
373 4825 526 4886 explicanda
544 4831 632 4891 estex
651 4826 766 4888 Ephoro,
784 4827 920 4875 communi
939 4825 1072 4875 Plutarchi
1092 4825 1296 4887 Collectorisque
1315 4825 1394 4872 lente.
