3546 5724
411 539 487 614 Cap.
513 540 556 597 II.
1000 537 1039 596 40

450 729 530 786 Eam
559 727 739 802 opinionem
767 727 861 785 etiam
889 729 1042 801 quattuor
1069 726 1135 785 iere
1155 719 1266 783 lustris
1288 725 1360 799 post
1384 723 1491 798 Kaibel
1513 726 1628 783 tutatus

410 828 457 884 est
474 823 511 901 3).
543 825 746 899 Quamquam
767 843 840 883 eum
862 842 926 883 non
948 824 1081 883 latuisse
1102 823 1244 897 videtur,
1268 821 1346 896 quid
1367 821 1441 880 huic
1463 822 1630 880 sententiae

410 924 560 982 obstaret.
592 923 682 991 Quae
702 923 786 982 enim
808 922 1026 998 Thucydidem
1048 922 1130 980 inter
1151 923 1181 980 et
1202 920 1401 980 Aristotelem
1423 922 1509 979 extat
1530 921 1629 978 condi-

410 1021 474 1096 cio,
504 1037 541 1079 ea
569 1020 674 1080 denuo
701 1020 791 1079 adest
818 1021 900 1079 inter
925 1019 1060 1079 eundem
1081 1020 1187 1078 locum
1208 1018 1430 1077 Aristoteleum
1452 1019 1482 1076 et
1503 1014 1629 1077 Aristo·

409 1116 538 1195 phanis
556 1115 719 1196 Byzantii
736 1119 823 1177 vocis
841 1115 949 1178 ἄσιλλα
968 1118 1200 1192 testimonium,
1226 1116 1312 1191 quod
1330 1116 1520 1175 Eustathius
1539 1116 1627 1191 1761,

412 1217 449 1277 16
472 1215 526 1294 (ad
548 1217 566 1286 ξ
587 1215 658 1293 350)
682 1235 721 1276 ex
743 1216 941 1292 grammatici
961 1213 1078 1286 λέξεων
1099 1216 1171 1276 libri
1192 1213 1263 1292 περὶ
1284 1216 1347 1274 τῶν
1369 1211 1632 1290 ὑποπτευομένων

410 1313 454 1393 μὴ
488 1313 631 1394 εἰρῆσθαι
664 1318 725 1380 τοῖς
756 1312 900 1380 παλαιοῖς
925 1312 951 1390 4)
986 1315 1135 1374 servavit.
1180 1313 1364 1373 Aristoteles
1395 1313 1479 1371 enim
1512 1315 1632 1387 praeter

413 1411 631 1472 Simonideum
653 1430 783 1472 versum
804 1413 991 1472 laudaverat
1011 1413 1229 1488 fragmentum
1250 1411 1377 1470 distichi
1400 1407 1538 1486 (πρόσθε
1560 1454 1567 1467 .
1591 1454 1597 1468 .
1622 1454 1628 1467 .

410 1508 568 1588 τραχεῖαν)
598 1543 638 1552 -
666 1511 752 1585 quod
779 1511 848 1586 ipse
876 1511 971 1585 paulo
999 1512 1072 1569 ante
1101 1510 1126 1568 Ι.
1160 1510 1186 1568 7.
1211 1509 1249 1568 32
1277 1511 1378 1567 totum
1400 1508 1577 1566 adduxerat
1597 1539 1632 1547 -—

411 1609 498 1667 uullo
524 1611 635 1684 poetae
663 1609 791 1667 nomine
818 1609 939 1668 adiecto
946 1627 953 1681 ;
984 1609 1070 1682 quod
1098 1626 1135 1667 eo
1163 1607 1265 1683 magis
1294 1607 1326 1664 in
1353 1607 1462 1665 oculos
1483 1605 1630 1679 incurrit,

410 1708 497 1781 quod
526 1705 699 1766 Simonidis
726 1724 842 1766 nornen
864 1707 972 1765 versui
993 1705 1173 1780 insequenti
1196 1705 1362 1764 adiecerat.
1397 1703 1586 1762 Eustathius
1606 1701 1631 1776 ὃ)

411 1805 505 1864 habet
536 1805 627 1864 haec:
656 1802 950 1884 Ἀριστοφάνης
982 1803 999 1864 ὁ
1032 1801 1250 1882 γραμματικὸς
1282 1800 1335 1863 καὶ
1366 1799 1461 1868 ἄλλος
1486 1798 1634 1862 ἐκτίθεται

410 1900 635 1980 καινοφώνους
655 1901 766 1972 λέξεις,
794 1900 860 1962 οἷον
881 1900 1065 1972 (inclina,
1092 1899 1206 1968 σκεῦός
1227 1924 1253 1960 τι
1274 1897 1445 1980 ι’χθνηρόν,
1468 1894 1506 1959 οὗ
1528 1903 1635 1977 χρῆσις

410 1998 497 2078 παρὰ
526 2006 571 2080 τῷ
599 1998 810 2080 Σιμωνίδῃ
842 2000 903 2078 (ep.
930 1999 1000 2078 163)
1031 1999 1064 2060 έν
1091 2006 1138 2079 τῷ
1166 1998 1299 2077 ίπρόσθε
1319 1997 1378 2078 μὲν
1400 1996 1481 2077 ἀμφ’
1503 1996 1635 2076 ὤμοισιν

411 2098 495 2178 ἔχων
529 2103 675 2178 τρηχεῖαν
709 2096 891 2169 (inclina,
930 2097 1023 2178 ἰχθῦς
1058 2097 1092 2169 ἐξ
1124 2096 1260 2176 Ἄργους
1294 2097 1336 2164 εἰς
1372 2093 1487 2174 Τεγέην
1521 2092 1632 2174 ἔφερέ.

410 2193 651 2272 Aristophanes
674 2198 772 2272 igitur
807 2197 965 2256 distichon
1000 2199 1120 2272 totum,
1159 2199 1195 2256 ut
1229 2195 1412 2254 Aristoteles
1443 2195 1511 2270 ipse
1542 2193 1636 2269 paulo

411 2297 499 2369 ante,
531 2295 661 2369 praebet
688 2295 784 2370 idque
807 2295 979 2354 Simonidis
1001 2295 1129 2356 nomine
1149 2295 1352 2353 instructum.
1388 2294 1437 2351 Ex
1458 2293 1518 2351 hac
1539 2293 1636 2350 altera

411 2394 608 2452 auctoritatis
644 2394 856 2470 discrepantia
892 2395 1001 2453 Kaibel
1036 2395 1166 2453 coniecit
1198 2396 1269 2470 post
1301 2394 1438 2468 priorem
1471 2392 1633 2469 syllogen,

411 2509 509 2565 quam
530 2495 604 2551 ante
624 2492 824 2551 Aristotelem
845 2493 1067 2553 concinnatam
1089 2493 1189 2551 fuisse
1210 2495 1394 2566 censuerat,
1419 2491 1550 2550 alteram
1568 2507 1638 2549 esse

412 2590 639 2664 compositam,
673 2609 737 2665 qua
768 2591 997 2666 Aristophanes
1030 2609 1110 2650 usus
1142 2593 1235 2650 esset.
1274 2589 1467 2650 Recentioris
1500 2588 1637 2664 sylloges

411 2687 562 2746 editorem
591 2707 692 2748 unum
721 2707 759 2748 ex
787 2689 1010 2749 Alexandrinis
1035 2690 1251 2767 grammaticis
1273 2689 1374 2748 fuisse
1394 2688 1569 2747 arbitratus
1590 2690 1638 2746 est

412 2785 681 2860 cogitandumque
713 2787 740 2845 ei
772 2787 878 2846 visum
910 2790 958 2846 est
989 2788 1028 2846 de
1059 2806 1111 2863 eo,
1147 2787 1239 2847 cuius
1267 2804 1381 2862 operae
1408 2785 1638 2860 Aristophanes

411 2881 471 2940 iuit
499 2884 725 2960 amplificator,
757 2903 800 2944 sc.
833 2885 871 2944 de
900 2885 1102 2946 Callimacho
1138 2885 1231 2953 Quod
1260 2887 1366 2944 autem
1395 2884 1427 2941 in
1448 2901 1485 2942 ea
1506 2901 1554 2959 ep.
1582 2883 1638 2942 163

414 2980 604 3040 Simonideis
632 2984 824 3042 accersitum
851 2985 934 3059 erat,
968 3002 1040 3042 eum
1062 3001 1126 3042 non
1148 2983 1306 3059 legeretur
1327 2983 1359 3040 in
1382 2980 1555 3040 vetustiore
1575 2981 1639 3055 epi-

411 3082 625 3154 grammatum
660 3081 923 3140 Simonidcorum¹
948 3081 1132 3156 corollario,
1170 3080 1244 3139 inde
1276 3081 1482 3154 repetendum
1514 3079 1640 3154 putavit

412 3194 492 3252 v.c.,
517 3178 603 3252 quod
629 3176 852 3238 ‘Callimachus
874 3197 938 3238 non
961 3197 997 3238 ea
1018 3180 1160 3254 tantum,
1185 3196 1267 3254 quae
1288 3179 1328 3238 ab
1350 3177 1435 3237 omni
1458 3177 1641 3253 suspicione

411 3274 509 3334 libera
531 3277 653 3352 essent,
682 3277 714 3334 in
737 3278 863 3337 tabulas
886 3295 962 3337 suas
984 3277 1144 3337 rettulisse
1166 3274 1314 3336 videtur’.

452 3373 654 3434 Kaibelianae
673 3375 958 3451 circumscriptioni
977 3376 1088 3435 aetatis
1107 3375 1251 3451 Sylloges
1268 3376 1327 3434 hoc
1343 3374 1499 3450 imprimis
1515 3375 1638 3450 obstat,

411 3472 498 3545 quod
531 3471 621 3533 duos
651 3474 810 3550 syllegae,
845 3474 977 3533 alteram
1009 3474 1233 3548 vetustiorem,
1269 3473 1474 3532 recentiorem
1506 3472 1642 3530 alteram

411 3569 604 3629 constituere
631 3572 770 3647 cogitur,
803 3575 837 3631 ut
859 3572 1070 3647 demonstret,
1102 3589 1166 3646 quo
1187 3574 1329 3646 tempore
1349 3571 1489 3645 primum
1511 3570 1642 3629 collecta

412 3666 475 3726 sint
490 3668 733 3744 epigrammata,
752 3688 835 3744 quae
853 3670 1025 3729 Simonidis
1040 3687 1111 3728 esse
1126 3669 1327 3728 videbantur.
1353 3670 1519 3727 Praeterea
1534 3668 1643 3742 qualis

412 3765 553 3824 condicio
580 3767 662 3825 inter
691 3768 828 3842 priorem
857 3770 953 3843 atque
981 3768 1188 3842 posteriorem
1214 3768 1357 3843 syllogen
1379 3766 1547 3842 cogitanda
1569 3783 1644 3824 esse

412 3863 562 3923 videtur?
601 3865 709 3940 Siquis
740 3867 844 3942 enim,
879 3869 1050 3942 postquam
1081 3866 1187 3940 aliqua
1219 3866 1341 3925 ratione
1373 3866 1469 3927 semel
1500 3865 1644 3924 collectio

411 3963 677 4037 epigrammatum
695 3966 778 4024 facta
796 3967 844 4024 est
862 3967 957 4039 atque
978 3964 1106 4040 Sylloge
1126 3963 1306 4023 Simonides
1325 3964 1496 4038 adornata,
1521 3981 1643 4022 novam

411 4077 596 4135 comparare
624 4065 752 4136 cuperet
780 4063 966 4137 editionem,
997 4062 1025 4120 ei
1047 4064 1102 4121 aut
1123 4062 1174 4120 illa
1199 4061 1329 4138 Sylloge
1350 4061 1529 4134 adhibenda
1551 4064 1641 4136 erat,

411 4161 482 4232 aut,
507 4159 593 4232 quod
612 4160 678 4218 veri
697 4163 745 4219 est
763 4160 932 4236 dissimile,
957 4177 1091 4235 prorsus
1110 4178 1193 4219 nova
1212 4160 1407 4220 instituenda
1425 4163 1493 4220 erat
1509 4159 1645 4236 conqui-

411 4254 492 4314 sitio.
529 4257 739 4316 Posteriorem
768 4259 866 4334 igitur
894 4259 1160 4334 epigrammatum
1190 4258 1446 4319 Simonideorum
1475 4257 1642 4332 syllogen,

444 4504 467 4566 3)
502 4505 578 4555 GGA.
596 4505 662 4556 laea
681 4523 702 4570 p.
721 4507 767 4557 97:
787 4505 836 4556 ‘die
855 4507 1013 4570 Sammlung
1031 4509 1091 4570 hat,
1109 4508 1158 4556 wie
1176 4508 1218 4557 ich
1237 4509 1305 4558 auch
1322 4509 1387 4571 Jetzt
1405 4510 1472 4558 noch
1491 4509 1646 4569 behaupte,

411 4591 447 4639 irn
464 4589 527 4639 lton
545 4590 726 4642 lahrhundert
743 4593 878 4643 existiert'.

444 4672 466 4736 4)
502 4675 542 4724 Fr.
566 4673 598 4723 22
621 4675 745 4742 Nauckii,
771 4677 818 4740 qui
835 4683 926 4727 tamen
944 4677 1074 4740 originem
1092 4677 1238 4728 testimonii
1256 4693 1308 4727 non
1328 4683 1398 4728 recte
1416 4680 1561 4742 perspexit;
1588 4693 1648 4742 qna

411 4759 443 4807 de
461 4774 489 4808 re
506 4760 538 4809 cl.
557 4757 568 4818 p*
587 4759 643 4810 116.

444 4841 467 4904 5)
501 4845 538 4894 De
557 4845 689 4896 Eustathii
706 4847 909 4910 Aristotelisque
928 4850 1018 4896 textus
1036 4847 1212 4908 discrepantia
1230 4847 1261 4896 cs.
1279 4844 1292 4908 ἓ
1309 4845 1341 4896 37
1359 4863 1384 4898 n.
1403 4845 1436 4896 19
1453 4852 1481 4898 et
1498 4845 1511 4910 5
1529 4846 1587 4898 116.
