3516 5712
384 515 460 591 Cap.
484 514 552 592 III,
579 517 625 576 19.
967 519 1024 579 156

383 706 457 763 ante
483 704 651 763 imitatoris
672 706 764 766 Attici
785 708 918 765 aetatem
940 706 1061 767 librarii
1083 707 1218 767 alicuius
1240 709 1333 783 culpa
1355 713 1427 785 post
1448 711 1513 769 duo
1533 728 1604 785 epp.

383 803 548 878 choregica
566 802 764 878 Simonidea,
788 804 906 878 quibus
921 804 1145 880 praecedebat,
1166 805 1353 865 collocatum
1367 809 1425 865 est.
1449 807 1608 876 Quoniam

383 903 487 958 autem
511 901 650 959 vidimus
673 900 717 977 (p.
733 899 803 977 154)
827 902 982 961 1151111011
1004 920 1115 978 posse,
1140 903 1218 977 quin
1237 904 1394 980 Meleager
1412 905 1608 980 epigramma

382 997 529 1056 iteratum
568 998 714 1058 tribuerit
751 999 961 1074 Anacreonti,
1004 1017 1133 1059 neccsse
1170 1002 1218 1062 est
1253 1001 1286 1060 id
1321 1003 1378 1060 aut
1413 1002 1504 1061 titulo
1537 1003 1608 1078 ipso

379 1093 602 1173 Ἀνακρέοντος
629 1097 789 1156 munitum
817 1098 918 1157 fuisse
944 1099 1027 1157 inter
1055 1098 1119 1157 duo
1147 1116 1218 1174 epp.
1246 1098 1428 1159 Simonidea
1457 1099 1523 1178 (VI.
1548 1100 1607 1160 212

382 1197 412 1252 et
433 1192 505 1269 213)
528 1196 583 1254 aut
604 1195 695 1254 titulo
716 1198 771 1255 τοῦ
793 1194 906 1271 αὐτοῦ,
933 1194 995 1273 qui
1011 1194 1192 1272 reapiccret
1204 1195 1252 1256 ad
1264 1194 1406 1257 titulum
1418 1215 1468 1274 ep.
1480 1197 1529 1259 VI.
1541 1198 1609 1258 212

379 1289 677 1369 Ἀνακρέοντος.
712 1293 850 1369 Videtis,
882 1297 1003 1368 quanto
1024 1296 1084 1354 hoc
1105 1295 1145 1354 sit
1167 1295 1381 1354 verisimilius.
1416 1297 1541 1355 Etenim
1562 1297 1608 1356 sic

382 1391 589 1467 intellegitur,
621 1391 677 1466 qui
704 1408 773 1466 ep.,
804 1409 876 1450 cum
906 1395 978 1467 post
1005 1393 1070 1450 duo
1097 1410 1167 1468 epp.
1200 1392 1381 1454 Simonidea
1409 1395 1462 1453 VI.
1491 1393 1548 1454 213
1576 1398 1607 1453 51

384 1487 455 1560 <vt
487 1487 586 1565 213)>
618 1490 850 1564 transpositum
882 1493 985 1565 esset,
1022 1488 1168 1550 eundem
1200 1488 1341 1551 titulum
1376 1491 1444 1567 (τοῦ
1475 1488 1603 1567 αὐτοῦ),

359 1586 437 1661 ‘qui
466 1604 552 1645 nunc
579 1588 684 1646 tamen
716 1587 910 1646 Simonidem
940 1589 1119 1664 spectabat,
1155 1605 1285 1648 servare
1314 1590 1459 1664 potuerit.
1495 1590 1607 1663 Itaque

383 1701 549 1743 sumamus
571 1702 701 1744 necesse
721 1689 769 1744 est
791 1684 922 1761 Cytoriis
944 1703 992 1761 ep.
1014 1687 1066 1745 VI.
1088 1687 1146 1744 212
1168 1686 1276 1744 itidem
1297 1704 1315 1745 a
1337 1687 1495 1761 Meleagro
1516 1686 1607 1744 titulo

378 1779 602 1859 Ἀνακρέοντος
626 1783 818 1842 instructum
846 1784 963 1859 tuisse,
995 1786 1165 1859 postquam
1187 1787 1293 1844 autem
1315 1787 1389 1843 ante
1410 1785 1521 1843 seriem
1544 1784 1606 1859 epi-

381 1884 596 1955 grammatum
621 1882 874 1941 Simonideorum
898 1883 1000 1940 solum
1022 1885 1106 1941 esset
1128 1883 1288 1958 relictum,
1313 1900 1421 1942 errore
1441 1883 1474 1940 in
1496 1883 1606 1941 antho-

381 1978 473 2054 logiis
501 1980 650 2056 proclivi,
680 1979 764 2038 intra
793 1981 876 2039 hanc
903 1981 1016 2040 seriem
1037 1983 1175 2039 tractum
1197 1997 1276 2039 csse.
1314 1979 1376 2039 Sed
1398 1980 1458 2038 alio
1480 1997 1608 2054 quoque

382 2081 571 2152 argumento
596 2078 766 2138 lectoribus
788 2096 838 2137 me
859 2096 1091 2153 persuasurum
1114 2096 1207 2153 spero
1229 2080 1288 2138 hoc
1310 2097 1358 2154 ep.
1378 2078 1505 2153 proprie
1526 2077 1607 2135 Ana-

381 2175 500 2235 creonti
523 2177 695 2252 tributum,
720 2177 739 2235 i.
753 2195 779 2235 5.
801 2195 840 2235 ex
862 2178 1077 2236 Anacreontea
1102 2178 1230 2253 Sylloge
1251 2178 1403 2235 haustum
1425 2193 1496 2235 esse
1519 2175 1607 2252 (nam

382 2274 421 2331 de
455 2273 651 2334 Anacreonte
685 2279 814 2334 auctore
849 2276 931 2333 tituli
967 2275 1173 2333 Anacreontei
1205 2291 1269 2332 non
1302 2274 1403 2349 magis
1435 2273 1607 2347 quicquam

381 2371 518 2444 probant
550 2390 646 2446 quam
681 2371 854 2431 Simonidei
885 2374 924 2431 de
957 2372 1135 2447 Simonide,
1171 2372 1210 2431 01.
1242 2390 1273 2430 n.
1301 2371 1382 2448 121).
1417 2372 1496 2429 Tam
1522 2371 1607 2428 enim

382 2470 451 2527 arta
480 2470 680 2528 necessitudo
708 2471 817 2528 extare
844 2470 921 2528 mihi
950 2471 1076 2528 videtur
1103 2470 1185 2529 inter
1210 2470 1269 2528 hoc
1290 2487 1338 2544 ep.
1359 2472 1390 2528 et
1411 2469 1497 2528 aliud
1518 2486 1607 2542 epa

382 2566 540 2641 Meleagro
559 2585 598 2625 ex
617 2567 695 2640 Syll.
714 2568 929 2628 Anacreontea
949 2569 1137 2628 arcessitum
1158 2568 1223 2644 (Vl.
1244 2567 1316 2642 143,
1338 2568 1401 2626 vid.
1419 2585 1449 2642 p.
1469 2565 1551 2642 152),
1572 2572 1607 2625 ut

382 2664 513 2738 gemella
539 2683 575 2723 ea
601 2665 705 2740 dicas,
735 2666 802 2723 sive
823 2684 859 2724 ea
881 2667 1050 2726 abeodem
1073 2669 1165 2741 poeta
1186 2667 1326 2741 profecta
1348 2665 1490 2740 putanda
1512 2666 1604 2739 sunt,

382 2762 450 2820 sive
478 2794 516 2802 -
544 2763 630 2836 quod
658 2763 735 2821 mihi
763 2762 900 2822 tortasse
927 2764 1019 2823 dabis
1045 2765 1238 2822 —alterum
1263 2762 1329 2839 (VI.
1356 2761 1426 2838 143)
1449 2780 1488 2820 ex
1510 2762 1607 2820 altero

384 2857 450 2936 (VI.
471 2859 543 2936 212)
565 2861 739 2920 imitatione
760 2879 949 2936 expressum
971 2859 1034 2937 121).

422 2958 582 3018 Fortunae
602 2962 708 3018 autem
731 2978 794 3018 non
816 2960 1022 3019 tribuendum
1044 2962 1108 3035 est,
1133 2960 1218 3034 quod
1241 2960 1397 3035 Meleager
1417 2977 1466 3034 ep.
1480 2961 1534 3018 VI.
1551 2959 1606 3017 143

381 3058 491 3114 contra
512 3058 656 3117 ordinem
677 3059 842 3120 litteralem
865 3058 1029 3134 praemisit
1047 3058 1207 3117 Leocratis
1226 3057 1448 3133 epigrammati
1466 3075 1503 3116 eo
1521 3058 1603 3131 loco,

381 3171 445 3228 quo
466 3155 526 3214 hoc
547 3159 676 3230 propter
694 3158 855 3214 auctorem
876 3152 1132 3232 (Anacreontem)
1153 3157 1313 3229 receperat
1333 3153 1399 3230 (VI.
1416 3152 1498 3230 144),
1523 3154 1605 3213 illius

381 3255 486 3310 autem
507 3254 703 3328 epigramma
724 3254 893 3328 gemellum
909 3252 974 3329 (Vl.
990 3251 1062 3328 212)
1078 3253 1179 3311 eidem
1194 3252 1414 3328 epigrammati
1430 3252 1602 3324 Leocratis,

381 3367 445 3424 quo
476 3351 537 3430 hoc
566 3353 695 3425 propter
727 3348 952 3426 argumentum
984 3352 1135 3425 posuerat
1165 3349 1231 3427 (VI.
1257 3349 1340 3426 213*,
1372 3352 1500 3426 proprie
1528 3350 1606 3410 ante

413 3564 460 3626 126)
496 3566 635 3636 1110111515
661 3562 738 3628 εὔχεο
764 3567 871 3629 utrique
895 3565 1079 3628 epigrammati
1102 3581 1243 3615 commune
1267 3570 1314 3615 est.
1343 3565 1493 3614 Sexametri
1517 3565 1605 3627 prioris

380 3652 472 3700 divisio
496 3652 550 3699 1515
571 3651 662 3700 eadem
681 3651 706 3698 in
727 3658 854 3714 utroque:
878 3649 941 3698 212:
965 3646 1043 3712 εὔχεό
1058 3646 1061 3712 )
1077 3666 1114 3698 τοι
1132 3646 1242 3712 δώροισι
1258 3647 1261 3712 1
1277 3646 1386 3711 Κύτων,
1410 3648 1472 3698 1431
1496 3645 1591 3712 εὔχεο)

384 3732 534 3797 Τιμώνακτι
556 3732 559 3798 )
580 3732 651 3783 ὔεόν.
680 3736 707 3782 ln
734 3739 846 3797 utroque
870 3749 908 3796 ep.
933 3735 1024 3783 cadem
1043 3735 1097 3782 1515
1118 3749 1208 3782 versus
1227 3735 1302 3797 primi
1320 3735 1381 3782 sedo
1399 3733 1527 3796 leguntur
1544 3728 1604 3781 θεὸν

380 3829 407 3868 51
424 3817 504 3868 θεῶν.
524 3821 551 3868 111
573 3837 593 3868 u.
612 3821 628 3867 2
647 3821 672 3868 in
689 3820 771 3868 altero
787 3835 826 3880 ep.
844 3819 938 3866 ultima
954 3834 999 3866 uox
1017 3824 1058 3867 est
1070 3814 1228 3880 πρύτανιν,
1247 3819 1272 3867 111
1289 3814 1604 3881 1111515ττροῦὔροις.-

358 3906 536 3966 ·lmperatiro
565 3901 642 3967 εὔχεο
667 3904 738 3966 (212)
765 3904 958 3965 dedicatorem,
989 3904 1126 3951 dominum
1154 3904 1301 3966 Gytonern,
1330 3919 1422 3952 servus
1448 3904 1602 3967 alloquitur,

379 3991 470 4038 entem
497 4005 555 4038 rero
578 3990 731 4051 imperativo
749 3990 776 4036 in
795 4003 834 4050 ep.
853 3987 901 4036 143
920 3990 1013 4036 nerana
1031 4004 1082 4036 non
1101 3977 1295 4049 'Pirrronactem,
1320 3989 1363 4036 sed
1383 4002 1441 4049 eoS,
1464 3989 1512 4050 qui
1529 4002 1603 4050 gym-

381 4076 484 4122 nasium
512 4074 626 4135 adeunt,
653 4076 775 4135 appellat.
802 4073 870 4121 'an
898 4073 984 4135 prodit
1009 4072 1170 4120 imitatorem
1195 4087 1226 4121 55
1249 4089 1304 4135 res,
1330 4071 1399 4135 quod
1423 4068 1498 4120 θεῶν
1519 4067 1604 4135 κήρνξ

381 4175 470 4208 versus
492 4159 567 4222 primi
586 4159 743 4207 nominatim
763 4158 894 4206 indicatur
913 4158 990 4206 tertio
1010 4172 1100 4218 versu;
1125 4162 1194 4205 recte
1212 4157 1239 4204 in
1258 4172 1297 4219 cp.
1315 4155 1364 4205 212
1383 4171 1435 4205 non
1453 4158 1604 4218 explicatur,

380 4247 439 4307 quis·
465 4243 499 4292 ¹sit
526 4237 587 4296 θεὸς
611 4239 752 4305 Λητοΐδης.
780 4243 863 4302 (idem
883 4241 1039 4290 imitationis
1056 4240 1182 4289 indicium
1201 4241 1336 4290 invenitur
1353 4241 1381 4289 in
1398 4256 1438 4304 ep.
1458 4241 1521 4290 Sim.
1540 4239 1605 4300 135.)

380 4331 454 4378 (lires
473 4328 655 4392 peregrinique
674 4328 730 4376 iure
748 4335 902 4390 comparent
920 4326 946 4374 in
965 4327 1074 4389 Cytoriis
1092 4326 1295 4390 epigrammate,
1319 4324 1361 4375 eui
1378 4322 1462 4382 ξεῖνοί
1476 4341 1502 4372 τε
1520 4320 1565 4373 καὶ
1582 4321 1607 4371 οἳ

379 4411 480 4460 ναίουσι
506 4409 639 4474 Κόρινθον
662 4428 784 4462 coronam
810 4412 975 4461 obtulerunt.
1003 4411 1037 4460 At
1056 4427 1128 4460 mera
1146 4411 1261 4459 formula
1279 4416 1319 4459 est
1336 4409 1380 4471 (cs.
1401 4410 1474 4459 Kaib.
1493 4426 1532 4473 ep.
1551 4409 1605 4471 487,

380 4498 428 4545 ΑΙ).
446 4497 497 4545 tlt.
516 4495 560 4556 35)
578 4493 621 4543 τὸν
637 4493 761 4545 ε’ὔέλοντα
779 4493 867 4545 ἀστῶν
885 4491 931 4543 καὶ
950 4493 1044 4553 ξείνων
1062 4497 1088 4544 10
1107 4511 1146 4557 ep.
1166 4493 1222 4542 143.
1253 4494 1327 4553 Quod
1346 4493 1437 4556 Apollo
1455 4494 1483 4542 in
1502 4510 1541 4557 cp.
1558 4492 1604 4542 212

380 4576 601 4643 1011101ἀγορῆς
619 4577 757 4644 ττρῦτανις,
776 4583 799 4630 id
820 4582 919 4631 11101011
938 4581 1135 4644 epigrammatis
1153 4579 1202 4628 113
1220 4580 1383 4628 occasionem
1401 4579 1475 4627 dedit
1492 4593 1605 4628 comme-

380 4666 498 4714 morandi
521 4661 660 4728 ττρόῦυρα,
684 4666 710 4714 in
735 4667 832 4729 quibus
857 4667 964 4714 lrermae
987 4666 1105 4714 collocati
1124 4665 1250 4714 dicuntur
1267 4669 1295 4712 et
1311 4664 1373 4713 alibi
1391 4664 1435 4724 (cl.
1456 4665 1530 4727 Preg.
1547 4661 1604 4724 119)

357 4813 360 4817 .
379 4757 406 4798 ct
423 4751 448 4798 in
468 4765 507 4811 ep.
526 4749 624 4798 Simon.
644 4749 699 4799 153.
719 4750 858 4812 Epitheton
878 4749 954 4797 nihili
972 4754 1012 4798 est
1029 4744 1116 4812 ε’ρατά.
1137 4749 1216 4798 Miror
1226 4765 1267 4798 me
1279 4749 1373 4797 trorum
1383 4749 1603 4811 epigrammatum

380 4835 602 4883 necessitudinem
620 4835 689 4897 apud
708 4833 843 4883 nerninem
861 4833 1003 4882 indicatam
1021 4833 1160 4883 invenisse.
