<?xml version="1.0" encoding="UTF-8"?>
<!DOCTYPE html PUBLIC "-//W3C//DTD XHTML 1.0 Transitional//EN"
    "http://www.w3.org/TR/xhtml1/DTD/xhtml1-transitional.dtd">
<html xmlns="http://www.w3.org/1999/xhtml" xml:lang="en" lang="en">
 <head>
  <title>
</title>
<meta http-equiv="Content-Type" content="text/html;charset=utf-8" />
  <meta name='ocr-system' content='tesseract 3.04.00' />
  <meta name='ocr-capabilities' content='ocr_page ocr_carea ocr_par ocr_line ocrx_word'/>
</head>
<body>
  <div class='ocr_page' id='page_1' title='image "./deepigrammatiss00boasgoog_0221.png"; bbox 0 0 3572 5716; ppageno 0'>
   <div class='ocr_carea' id='block_1_1' title="bbox 775 493 1413 574">
    <p class='ocr_par' dir='ltr' id='par_1_1' title="bbox 775 493 1413 574">
     <span class='ocr_line' id='line_1_1' title="bbox 775 493 1413 574; baseline 0.002 -19"><span class='ocrx_word' id='word_1_1' title='bbox 775 493 832 555; x_wconf 82' lang='lat'>199</span> <span class='ocrx_word' id='word_1_2' title='bbox 1203 493 1222 574; x_wconf 65' lang='lat'><strong><em>5</em></strong></span> <span class='ocrx_word' id='word_1_3' title='bbox 1246 493 1413 556; x_wconf 85' lang='lat'>115-118.</span> 
     </span>
    </p>
   </div>
   <div class='ocr_carea' id='block_1_2' title="bbox 188 681 1434 1836">
    <p class='ocr_par' dir='ltr' id='par_1_2' title="bbox 188 681 1434 1836">
     <span class='ocr_line' id='line_1_2' title="bbox 190 681 1416 757; baseline 0.002 -18"><span class='ocrx_word' id='word_1_4' title='bbox 190 681 281 742; x_wconf 90' lang='lat' dir='ltr'>nidea</span> <span class='ocrx_word' id='word_1_5' title='bbox 308 685 492 742; x_wconf 91' lang='lat' dir='ltr'>occurrunt.</span> <span class='ocrx_word' id='word_1_6' title='bbox 527 683 586 757; x_wconf 80' lang='lat' dir='ltr'>Ep.</span> <span class='ocrx_word' id='word_1_7' title='bbox 613 681 670 742; x_wconf 86' lang='lat'>138</span> <span class='ocrx_word' id='word_1_8' title='bbox 698 681 767 741; x_wconf 88' lang='lat' dir='ltr'>sine</span> <span class='ocrx_word' id='word_1_9' title='bbox 794 683 922 741; x_wconf 91' lang='lat' dir='ltr'>nomine</span> <span class='ocrx_word' id='word_1_10' title='bbox 952 681 1125 742; x_wconf 87' lang='lat' dir='ltr'>Simonidis</span> <span class='ocrx_word' id='word_1_11' title='bbox 1153 685 1249 757; x_wconf 89' lang='lat' dir='ltr'>atque</span> <span class='ocrx_word' id='word_1_12' title='bbox 1274 683 1307 741; x_wconf 94' lang='lat' dir='ltr'>in</span> <span class='ocrx_word' id='word_1_13' title='bbox 1328 685 1416 742; x_wconf 86' lang='lat' dir='ltr'>textu</span> 
     </span>
     <span class='ocr_line' id='line_1_3' title="bbox 190 779 1417 856; baseline 0.001 -18"><span class='ocrx_word' id='word_1_14' title='bbox 190 781 215 838; x_wconf 82' lang='lat' dir='ltr'>A</span> <span class='ocrx_word' id='word_1_15' title='bbox 242 779 358 856; x_wconf 90' lang='lat' dir='ltr'>legitur</span> <span class='ocrx_word' id='word_1_16' title='bbox 387 781 529 840; x_wconf 90' lang='lat' dir='ltr'>Paroem.</span> <span class='ocrx_word' id='word_1_17' title='bbox 555 781 626 838; x_wconf 93' lang='lat' dir='ltr'>VII.</span> <span class='ocrx_word' id='word_1_18' title='bbox 655 780 673 840; x_wconf 87' lang='grc'><strong>9</strong></span> <span class='ocrx_word' id='word_1_19' title='bbox 701 779 742 854; x_wconf 85' lang='lat' dir='ltr'>d;</span> <span class='ocrx_word' id='word_1_20' title='bbox 772 798 821 855; x_wconf 92' lang='lat' dir='ltr'>ep.</span> <span class='ocrx_word' id='word_1_21' title='bbox 845 779 943 855; x_wconf 88' lang='lat' dir='ltr'>igitur</span> <span class='ocrx_word' id='word_1_22' title='bbox 971 779 1040 838; x_wconf 86' lang='lat' dir='ltr'>sive</span> <span class='ocrx_word' id='word_1_23' title='bbox 1066 796 1105 837; x_wconf 87' lang='lat' dir='ltr'>ex</span> <span class='ocrx_word' id='word_1_24' title='bbox 1134 779 1320 854; x_wconf 78' lang='lat' dir='ltr'>Thucydide</span> <span class='ocrx_word' id='word_1_25' title='bbox 1346 780 1417 854; x_wconf 88' lang='lat' dir='ltr'>ipso</span> 
     </span>
     <span class='ocr_line' id='line_1_4' title="bbox 191 856 1413 956; baseline -0.001 -20"><span class='ocrx_word' id='word_1_26' title='bbox 191 875 228 954; x_wconf 91' lang='grc' dir='ltr'>(Ι.</span> <span class='ocrx_word' id='word_1_27' title='bbox 253 878 327 954; x_wconf 98' lang='grc'>132,</span> <span class='ocrx_word' id='word_1_28' title='bbox 360 879 399 938; x_wconf 89' lang='lat' dir='ltr'>ci.</span> <span class='ocrx_word' id='word_1_29' title='bbox 426 877 445 956; x_wconf 64' lang='grc' dir='ltr'><strong>ἓ</strong></span> <span class='ocrx_word' id='word_1_30' title='bbox 472 876 541 954; x_wconf 86' lang='grc'>43),</span> <span class='ocrx_word' id='word_1_31' title='bbox 573 879 640 937; x_wconf 93' lang='lat' dir='ltr'>sive</span> <span class='ocrx_word' id='word_1_32' title='bbox 668 896 707 937; x_wconf 88' lang='lat' dir='ltr'>ex</span> <span class='ocrx_word' id='word_1_33' title='bbox 735 879 838 952; x_wconf 85' lang='lat' dir='ltr'>fonte,</span> <span class='ocrx_word' id='word_1_34' title='bbox 870 878 925 952; x_wconf 93' lang='lat' dir='ltr'>qui</span> <span class='ocrx_word' id='word_1_35' title='bbox 954 877 993 936; x_wconf 89' lang='lat' dir='ltr'>ad</span> <span class='ocrx_word' id='word_1_36' title='bbox 1015 894 1089 936; x_wconf 89' lang='lat' dir='ltr'>eum</span> <span class='ocrx_word' id='word_1_37' title='bbox 1111 877 1246 936; x_wconf 80' lang='lat' dir='ltr'>recurrit</span> <span class='ocrx_word' id='word_1_38' title='bbox 1269 875 1302 954; x_wconf 65' lang='grc' dir='ltr'>(ξ</span> <span class='ocrx_word' id='word_1_39' title='bbox 1327 856 1413 952; x_wconf 86' lang='grc'>112),</span> 
     </span>
     <span class='ocr_line' id='line_1_5' title="bbox 189 974 1415 1053; baseline -0.003 -17"><span class='ocrx_word' id='word_1_40' title='bbox 189 979 341 1037; x_wconf 91' lang='lat' dir='ltr'>haustum</span> <span class='ocrx_word' id='word_1_41' title='bbox 369 980 426 1037; x_wconf 90' lang='lat' dir='ltr'>est.</span> <span class='ocrx_word' id='word_1_42' title='bbox 462 979 521 1053; x_wconf 86' lang='lat' dir='ltr'>Ep.</span> <span class='ocrx_word' id='word_1_43' title='bbox 548 978 604 1036; x_wconf 84' lang='lat'>142</span> <span class='ocrx_word' id='word_1_44' title='bbox 631 977 794 1035; x_wconf 90' lang='lat' dir='ltr'>invenitur</span> <span class='ocrx_word' id='word_1_45' title='bbox 815 977 886 1034; x_wconf 95' lang='lat' dir='ltr'>VII.</span> <span class='ocrx_word' id='word_1_46' title='bbox 912 976 949 1035; x_wconf 85' lang='lat'>57</span> <span class='ocrx_word' id='word_1_47' title='bbox 972 974 991 1035; x_wconf 84' lang='lat' dir='ltr'><strong><em>b</em></strong></span> <span class='ocrx_word' id='word_1_48' title='bbox 1017 976 1050 1033; x_wconf 93' lang='lat' dir='ltr'>in</span> <span class='ocrx_word' id='word_1_49' title='bbox 1076 977 1165 1039; x_wconf 89' lang='lat' dir='ltr'>textu</span> <span class='ocrx_word' id='word_1_50' title='bbox 1187 991 1321 1050; x_wconf 88' lang='lat' dir='ltr'>prorsus</span> <span class='ocrx_word' id='word_1_51' title='bbox 1343 992 1415 1034; x_wconf 89' lang='lat' dir='ltr'>cum</span> 
     </span>
     <span class='ocr_line' id='line_1_6' title="bbox 189 1069 1416 1153; baseline -0.002 -19"><span class='ocrx_word' id='word_1_52' title='bbox 189 1076 344 1134; x_wconf 79' lang='lat' dir='ltr'>Aristiden</span> <span class='ocrx_word' id='word_1_53' title='bbox 367 1075 429 1151; x_wconf 85' lang='lat' dir='ltr'>(A³,</span> <span class='ocrx_word' id='word_1_54' title='bbox 450 1076 489 1135; x_wconf 90' lang='lat' dir='ltr'>ci.</span> <span class='ocrx_word' id='word_1_55' title='bbox 510 1073 529 1152; x_wconf 65' lang='grc' dir='ltr'>ἕ</span> <span class='ocrx_word' id='word_1_56' title='bbox 549 1073 599 1153; x_wconf 90' lang='grc'>60)</span> <span class='ocrx_word' id='word_1_57' title='bbox 622 1075 817 1149; x_wconf 88' lang='lat' dir='ltr'>conspiranti</span> <span class='ocrx_word' id='word_1_58' title='bbox 836 1073 952 1134; x_wconf 84' lang='lat' dir='ltr'>additis</span> <span class='ocrx_word' id='word_1_59' title='bbox 971 1072 1078 1131; x_wconf 87' lang='lat' dir='ltr'>verbis</span> <span class='ocrx_word' id='word_1_60' title='bbox 1097 1069 1283 1149; x_wconf 81' lang='grc' dir='ltr'><em>Σιμωνίδου</em></span> <span class='ocrx_word' id='word_1_61' title='bbox 1301 1069 1416 1149; x_wconf 82' lang='grc' dir='ltr'><em>ἐλεγεῖα</em></span> 
     </span>
     <span class='ocr_line' id='line_1_7' title="bbox 189 1167 1434 1251; baseline -0.003 -19"><span class='ocrx_word' id='word_1_62' title='bbox 189 1169 258 1250; x_wconf 82' lang='grc' dir='ltr'><em>περὶ</em></span> <span class='ocrx_word' id='word_1_63' title='bbox 280 1169 476 1251; x_wconf 77' lang='grc' dir='ltr'><em>Ἂθηναίων;</em></span> <span class='ocrx_word' id='word_1_64' title='bbox 505 1190 582 1248; x_wconf 87' lang='lat' dir='ltr'>ergo</span> <span class='ocrx_word' id='word_1_65' title='bbox 609 1173 791 1246; x_wconf 88' lang='lat' dir='ltr'>Apostolius</span> <span class='ocrx_word' id='word_1_66' title='bbox 820 1189 884 1230; x_wconf 92' lang='lat' dir='ltr'>non</span> <span class='ocrx_word' id='word_1_67' title='bbox 912 1171 1050 1230; x_wconf 81' lang='lat' dir='ltr'>Aristide</span> <span class='ocrx_word' id='word_1_68' title='bbox 1070 1170 1140 1245; x_wconf 90' lang='lat' dir='ltr'>ipso</span> <span class='ocrx_word' id='word_1_69' title='bbox 1161 1187 1243 1228; x_wconf 90' lang='lat' dir='ltr'>usus</span> <span class='ocrx_word' id='word_1_70' title='bbox 1264 1173 1328 1245; x_wconf 89' lang='lat' dir='ltr'>est,</span> <span class='ocrx_word' id='word_1_71' title='bbox 1361 1167 1434 1228; x_wconf 91' lang='lat' dir='ltr'>sed</span> 
     </span>
     <span class='ocr_line' id='line_1_8' title="bbox 192 1267 1417 1346; baseline -0.003 -17"><span class='ocrx_word' id='word_1_72' title='bbox 192 1270 325 1330; x_wconf 88' lang='lat' dir='ltr'>Scholiis</span> <span class='ocrx_word' id='word_1_73' title='bbox 356 1270 522 1329; x_wconf 88' lang='lat' dir='ltr'>Aristideis</span> <span class='ocrx_word' id='word_1_74' title='bbox 555 1268 597 1346; x_wconf 92' lang='lat' dir='ltr'>(p.</span> <span class='ocrx_word' id='word_1_75' title='bbox 630 1270 667 1329; x_wconf 84' lang='lat'>70</span> <span class='ocrx_word' id='word_1_76' title='bbox 698 1271 749 1328; x_wconf 85' lang='lat' dir='ltr'>Fr.</span> <span class='ocrx_word' id='word_1_77' title='bbox 781 1269 839 1328; x_wconf 90' lang='grc'>209</span> <span class='ocrx_word' id='word_1_78' title='bbox 873 1267 945 1345; x_wconf 93' lang='grc' dir='ltr'>Ι).),</span> <span class='ocrx_word' id='word_1_79' title='bbox 980 1269 1013 1326; x_wconf 94' lang='lat' dir='ltr'>in</span> <span class='ocrx_word' id='word_1_80' title='bbox 1045 1268 1163 1343; x_wconf 90' lang='lat' dir='ltr'>quibus</span> <span class='ocrx_word' id='word_1_81' title='bbox 1195 1267 1417 1344; x_wconf 83' lang='lat' dir='ltr'>epigrammati</span> 
     </span>
     <span class='ocr_line' id='line_1_9' title="bbox 189 1365 1416 1443; baseline -0.003 -15"><span class='ocrx_word' id='word_1_82' title='bbox 189 1385 227 1428; x_wconf 88' lang='lat' dir='ltr'>ex</span> <span class='ocrx_word' id='word_1_83' title='bbox 257 1368 396 1428; x_wconf 87' lang='lat' dir='ltr'>Aristide</span> <span class='ocrx_word' id='word_1_84' title='bbox 426 1369 542 1427; x_wconf 92' lang='lat' dir='ltr'>hausto</span> <span class='ocrx_word' id='word_1_85' title='bbox 574 1367 755 1443; x_wconf 90' lang='lat' dir='ltr'>appositum</span> <span class='ocrx_word' id='word_1_86' title='bbox 786 1369 834 1426; x_wconf 89' lang='lat' dir='ltr'>est</span> <span class='ocrx_word' id='word_1_87' title='bbox 865 1383 980 1426; x_wconf 87' lang='lat' dir='ltr'>nomen</span> <span class='ocrx_word' id='word_1_88' title='bbox 1015 1365 1188 1426; x_wconf 84' lang='lat' dir='ltr'>Simonidis</span> <span class='ocrx_word' id='word_1_89' title='bbox 1220 1383 1259 1424; x_wconf 88' lang='lat' dir='ltr'>ex</span> <span class='ocrx_word' id='word_1_90' title='bbox 1291 1366 1416 1425; x_wconf 80' lang='lat' dir='ltr'>Corona</span> 
     </span>
     <span class='ocr_line' id='line_1_10' title="bbox 190 1463 1416 1543; baseline -0.004 -17"><span class='ocrx_word' id='word_1_91' title='bbox 190 1467 364 1542; x_wconf 85' lang='lat' dir='ltr'>Meleagrea</span> <span class='ocrx_word' id='word_1_92' title='bbox 392 1467 524 1541; x_wconf 89' lang='lat' dir='ltr'>petitum</span> <span class='ocrx_word' id='word_1_93' title='bbox 554 1464 588 1543; x_wconf 65' lang='grc' dir='ltr'>(ἓ</span> <span class='ocrx_word' id='word_1_94' title='bbox 611 1464 673 1542; x_wconf 88' lang='grc'>57).</span> <span class='ocrx_word' id='word_1_95' title='bbox 709 1465 1036 1540; x_wconf 90' lang='lat' dir='ltr'>Paroemiographum</span> <span class='ocrx_word' id='word_1_96' title='bbox 1064 1464 1192 1538; x_wconf 86' lang='lat' dir='ltr'>saepius</span> <span class='ocrx_word' id='word_1_97' title='bbox 1217 1463 1343 1523; x_wconf 79' lang='lat' dir='ltr'>Scholia</span> <span class='ocrx_word' id='word_1_98' title='bbox 1364 1463 1416 1522; x_wconf 89' lang='lat' dir='ltr'>illa</span> 
     </span>
     <span class='ocr_line' id='line_1_11' title="bbox 188 1557 1416 1640; baseline -0.003 -18"><span class='ocrx_word' id='word_1_99' title='bbox 188 1564 386 1639; x_wconf 85' lang='lat' dir='ltr'>excerpsisse</span> <span class='ocrx_word' id='word_1_100' title='bbox 406 1565 530 1623; x_wconf 88' lang='lat' dir='ltr'>constat</span> <span class='ocrx_word' id='word_1_101' title='bbox 552 1561 603 1640; x_wconf 87' lang='grc'>(01.</span> <span class='ocrx_word' id='word_1_102' title='bbox 626 1564 761 1623; x_wconf 84' lang='lat' dir='ltr'>Crusius</span> <span class='ocrx_word' id='word_1_103' title='bbox 784 1562 969 1621; x_wconf 86' lang='lat' dir='ltr'>PW.—RE.</span> <span class='ocrx_word' id='word_1_104' title='bbox 991 1561 1035 1619; x_wconf 95' lang='grc' dir='ltr'>ΙΙ.</span> <span class='ocrx_word' id='word_1_105' title='bbox 1058 1557 1139 1636; x_wconf 86' lang='grc'>183).</span> <span class='ocrx_word' id='word_1_106' title='bbox 1174 1561 1244 1619; x_wconf 89' lang='lat' dir='ltr'>Hoc</span> <span class='ocrx_word' id='word_1_107' title='bbox 1267 1559 1416 1619; x_wconf 87' lang='lat' dir='ltr'>Scholion</span> 
     </span>
     <span class='ocr_line' id='line_1_12' title="bbox 189 1658 1415 1736; baseline -0.003 -16"><span class='ocrx_word' id='word_1_108' title='bbox 189 1662 382 1720; x_wconf 83' lang='lat' dir='ltr'>Aristideum</span> <span class='ocrx_word' id='word_1_109' title='bbox 400 1663 468 1720; x_wconf 86' lang='lat' dir='ltr'>sive</span> <span class='ocrx_word' id='word_1_110' title='bbox 485 1679 524 1720; x_wconf 91' lang='lat' dir='ltr'>ex</span> <span class='ocrx_word' id='word_1_111' title='bbox 542 1661 718 1721; x_wconf 84' lang='lat' dir='ltr'>Scholiasta</span> <span class='ocrx_word' id='word_1_112' title='bbox 736 1663 806 1736; x_wconf 93' lang='lat' dir='ltr'>ipso</span> <span class='ocrx_word' id='word_1_113' title='bbox 825 1661 892 1720; x_wconf 89' lang='lat' dir='ltr'>sive</span> <span class='ocrx_word' id='word_1_114' title='bbox 910 1677 948 1719; x_wconf 89' lang='lat' dir='ltr'>ex</span> <span class='ocrx_word' id='word_1_115' title='bbox 965 1659 1127 1735; x_wconf 84' lang='lat' dir='ltr'>Apostolio</span> <span class='ocrx_word' id='word_1_116' title='bbox 1145 1661 1236 1733; x_wconf 88' lang='lat' dir='ltr'>patre</span> <span class='ocrx_word' id='word_1_117' title='bbox 1253 1658 1415 1734; x_wconf 87' lang='lat' dir='ltr'>cognitum</span> 
     </span>
     <span class='ocr_line' id='line_1_13' title="bbox 189 1756 1283 1836; baseline -0.004 -18"><span class='ocrx_word' id='word_1_118' title='bbox 189 1760 347 1833; x_wconf 91' lang='lat' dir='ltr'>quomodo</span> <span class='ocrx_word' id='word_1_119' title='bbox 368 1761 574 1836; x_wconf 86' lang='lat' dir='ltr'>usurpaverit</span> <span class='ocrx_word' id='word_1_120' title='bbox 595 1759 765 1835; x_wconf 88' lang='lat' dir='ltr'>Arsenius,</span> <span class='ocrx_word' id='word_1_121' title='bbox 791 1759 935 1834; x_wconf 88' lang='lat' dir='ltr'>sequenti</span> <span class='ocrx_word' id='word_1_122' title='bbox 959 1756 978 1834; x_wconf 65' lang='grc' dir='ltr'>ξ</span> <span class='ocrx_word' id='word_1_123' title='bbox 1000 1756 1283 1816; x_wconf 87' lang='lat' dir='ltr'>demonstrabitur.</span> 
     </span>
    </p>
   </div>
   <div class='ocr_carea' id='block_1_3' title="bbox 661 1964 939 2024">
    <p class='ocr_par' dir='ltr' id='par_1_3' title="bbox 661 1964 939 2024">
     <span class='ocr_line' id='line_1_14' title="bbox 661 1964 939 2024; baseline -0.004 -1"><span class='ocrx_word' id='word_1_124' title='bbox 661 1964 709 2023; x_wconf 85' lang='lat'>29.</span> <span class='ocrx_word' id='word_1_125' title='bbox 753 1975 939 2024; x_wconf 75' lang='lat' dir='ltr'>assumus.</span> 
     </span>
    </p>
   </div>
   <div class='ocr_carea' id='block_1_4' title="bbox 187 2144 1416 4878">
    <p class='ocr_par' dir='ltr' id='par_1_4' title="bbox 188 2144 1415 2520">
     <span class='ocr_line' id='line_1_15' title="bbox 229 2144 1413 2230; baseline -0.003 -20"><span class='ocrx_word' id='word_1_126' title='bbox 229 2150 247 2229; x_wconf 59' lang='grc' dir='ltr'>ᾗ</span> <span class='ocrx_word' id='word_1_127' title='bbox 272 2151 339 2211; x_wconf 92' lang='grc'>118.</span> <span class='ocrx_word' id='word_1_128' title='bbox 390 2149 474 2212; x_wconf 78' lang='lat' dir='ltr'>Cum</span> <span class='ocrx_word' id='word_1_129' title='bbox 505 2149 547 2211; x_wconf 85' lang='lat' dir='ltr'>de</span> <span class='ocrx_word' id='word_1_130' title='bbox 578 2149 696 2211; x_wconf 80' lang='lat' dir='ltr'>ceteris</span> <span class='ocrx_word' id='word_1_131' title='bbox 727 2148 867 2230; x_wconf 72' lang='lat' dir='ltr'>Arrenii</span> <span class='ocrx_word' id='word_1_132' title='bbox 899 2147 1127 2225; x_wconf 77' lang='lat' dir='ltr'>testimoniis,</span> <span class='ocrx_word' id='word_1_133' title='bbox 1167 2150 1241 2208; x_wconf 84' lang='lat' dir='ltr'>ium</span> <span class='ocrx_word' id='word_1_134' title='bbox 1274 2147 1315 2207; x_wconf 87' lang='lat' dir='ltr'>de</span> <span class='ocrx_word' id='word_1_135' title='bbox 1346 2144 1413 2224; x_wconf 82' lang='lat' dir='ltr'>epi·</span> 
     </span>
     <span class='ocr_line' id='line_1_16' title="bbox 188 2245 1415 2328; baseline -0.005 -19"><span class='ocrx_word' id='word_1_136' title='bbox 188 2247 398 2328; x_wconf 68' lang='lat' dir='ltr'>grammatic</span> <span class='ocrx_word' id='word_1_137' title='bbox 418 2247 483 2308; x_wconf 79' lang='lat'>142</span> <span class='ocrx_word' id='word_1_138' title='bbox 505 2249 596 2309; x_wconf 77' lang='lat' dir='ltr'>tectu</span> <span class='ocrx_word' id='word_1_139' title='bbox 618 2246 662 2307; x_wconf 73' lang='grc'>114</span> <span class='ocrx_word' id='word_1_140' title='bbox 684 2247 783 2325; x_wconf 73' lang='lat' dir='ltr'>aprici</span> <span class='ocrx_word' id='word_1_141' title='bbox 804 2265 881 2308; x_wconf 84' lang='lat' dir='ltr'>eum</span> <span class='ocrx_word' id='word_1_142' title='bbox 903 2245 1013 2308; x_wconf 85' lang='lat' dir='ltr'>obvio.</span> <span class='ocrx_word' id='word_1_143' title='bbox 1043 2248 1117 2306; x_wconf 90' lang='lat' dir='ltr'>Tria</span> <span class='ocrx_word' id='word_1_144' title='bbox 1138 2265 1209 2322; x_wconf 89' lang='lat' dir='ltr'>epp.</span> <span class='ocrx_word' id='word_1_145' title='bbox 1234 2246 1415 2306; x_wconf 90' lang='lat' dir='ltr'>Simonidea</span> 
     </span>
     <span class='ocr_line' id='line_1_17' title="bbox 188 2345 1415 2422; baseline -0.005 -15"><span class='ocrx_word' id='word_1_146' title='bbox 188 2349 397 2408; x_wconf 91' lang='lat' dir='ltr'>inveniuntur</span> <span class='ocrx_word' id='word_1_147' title='bbox 423 2347 457 2405; x_wconf 93' lang='lat' dir='ltr'>in</span> <span class='ocrx_word' id='word_1_148' title='bbox 485 2347 625 2422; x_wconf 82' lang='lat' dir='ltr'>Arsenii,</span> <span class='ocrx_word' id='word_1_149' title='bbox 660 2347 813 2421; x_wconf 86' lang='lat' dir='ltr'>Apostolii</span> <span class='ocrx_word' id='word_1_150' title='bbox 840 2346 914 2422; x_wconf 86' lang='lat' dir='ltr'>filii,</span> <span class='ocrx_word' id='word_1_151' title='bbox 945 2346 1091 2405; x_wconf 91' lang='lat' dir='ltr'>Violario.</span> <span class='ocrx_word' id='word_1_152' title='bbox 1127 2345 1217 2413; x_wconf 84' lang='lat' dir='ltr'>Quae</span> <span class='ocrx_word' id='word_1_153' title='bbox 1244 2345 1415 2403; x_wconf 88' lang='lat' dir='ltr'>recurrunt</span> 
     </span>
     <span class='ocr_line' id='line_1_18' title="bbox 188 2444 1210 2520; baseline -0.005 -14"><span class='ocrx_word' id='word_1_154' title='bbox 188 2448 227 2506; x_wconf 86' lang='lat' dir='ltr'>ad</span> <span class='ocrx_word' id='word_1_155' title='bbox 248 2447 436 2506; x_wconf 85' lang='lat' dir='ltr'>traditiones</span> <span class='ocrx_word' id='word_1_156' title='bbox 456 2446 618 2520; x_wconf 90' lang='lat' dir='ltr'>diversas,</span> <span class='ocrx_word' id='word_1_157' title='bbox 643 2446 739 2520; x_wconf 90' lang='lat' dir='ltr'>prout</span> <span class='ocrx_word' id='word_1_158' title='bbox 759 2445 811 2502; x_wconf 93' lang='lat' dir='ltr'>ille</span> <span class='ocrx_word' id='word_1_159' title='bbox 831 2444 976 2502; x_wconf 89' lang='lat' dir='ltr'>diversos</span> <span class='ocrx_word' id='word_1_160' title='bbox 998 2444 1075 2503; x_wconf 89' lang='lat' dir='ltr'>adiit</span> <span class='ocrx_word' id='word_1_161' title='bbox 1096 2444 1210 2502; x_wconf 83' lang='lat' dir='ltr'>fontes.</span> 
     </span>
    </p>

    <p class='ocr_par' dir='ltr' id='par_1_5' title="bbox 188 2538 1416 3405">
     <span class='ocr_line' id='line_1_19' title="bbox 226 2538 1415 2619; baseline -0.006 -16"><span class='ocrx_word' id='word_1_162' title='bbox 226 2546 386 2619; x_wconf 85' lang='lat' dir='ltr'>Excerpto</span> <span class='ocrx_word' id='word_1_163' title='bbox 420 2576 461 2584; x_wconf 96' lang='lat'><em>-</em></span> <span class='ocrx_word' id='word_1_164' title='bbox 494 2545 564 2602; x_wconf 89' lang='lat' dir='ltr'>sine</span> <span class='ocrx_word' id='word_1_165' title='bbox 594 2543 692 2602; x_wconf 91' lang='lat' dir='ltr'>dubio</span> <span class='ocrx_word' id='word_1_166' title='bbox 722 2560 762 2601; x_wconf 87' lang='lat' dir='ltr'>ex</span> <span class='ocrx_word' id='word_1_167' title='bbox 794 2542 931 2601; x_wconf 90' lang='lat' dir='ltr'>Diodoro</span> <span class='ocrx_word' id='word_1_168' title='bbox 963 2542 1017 2600; x_wconf 90' lang='lat' dir='ltr'>XI.</span> <span class='ocrx_word' id='word_1_169' title='bbox 1048 2541 1086 2600; x_wconf 87' lang='lat'>33</span> <span class='ocrx_word' id='word_1_170' title='bbox 1118 2573 1157 2582; x_wconf 92' lang='lat'>—-</span> <span class='ocrx_word' id='word_1_171' title='bbox 1188 2541 1228 2599; x_wconf 92' lang='lat' dir='ltr'>de</span> <span class='ocrx_word' id='word_1_172' title='bbox 1258 2538 1415 2598; x_wconf 87' lang='lat' dir='ltr'>Artabazo</span> 
     </span>
     <span class='ocr_line' id='line_1_20' title="bbox 188 2637 1416 2718; baseline -0.007 -16"><span class='ocrx_word' id='word_1_173' title='bbox 188 2661 217 2718; x_wconf 92' lang='lat' dir='ltr'>p.</span> <span class='ocrx_word' id='word_1_174' title='bbox 246 2641 305 2702; x_wconf 89' lang='lat'>118</span> <span class='ocrx_word' id='word_1_175' title='bbox 332 2641 431 2701; x_wconf 91' lang='lat' dir='ltr'>Walz.</span> <span class='ocrx_word' id='word_1_176' title='bbox 460 2642 643 2716; x_wconf 89' lang='lat' dir='ltr'>subiunxit,</span> <span class='ocrx_word' id='word_1_177' title='bbox 674 2642 838 2715; x_wconf 85' lang='lat' dir='ltr'>tamquam</span> <span class='ocrx_word' id='word_1_178' title='bbox 865 2640 1014 2698; x_wconf 89' lang='lat' dir='ltr'>adhunc</span> <span class='ocrx_word' id='word_1_179' title='bbox 1035 2639 1241 2714; x_wconf 89' lang='lat' dir='ltr'>pertinentia,</span> <span class='ocrx_word' id='word_1_180' title='bbox 1273 2654 1356 2712; x_wconf 88' lang='lat' dir='ltr'>quae</span> <span class='ocrx_word' id='word_1_181' title='bbox 1377 2637 1416 2694; x_wconf 91' lang='lat' dir='ltr'>de</span> 
     </span>
     <span class='ocr_line' id='line_1_21' title="bbox 189 2737 1416 2814; baseline -0.005 -15"><span class='ocrx_word' id='word_1_182' title='bbox 189 2740 367 2801; x_wconf 89' lang='lat' dir='ltr'>Pausaniae</span> <span class='ocrx_word' id='word_1_183' title='bbox 386 2741 519 2800; x_wconf 88' lang='lat' dir='ltr'>donario</span> <span class='ocrx_word' id='word_1_184' title='bbox 537 2743 633 2814; x_wconf 90' lang='lat' dir='ltr'>atque</span> <span class='ocrx_word' id='word_1_185' title='bbox 650 2739 689 2797; x_wconf 90' lang='lat' dir='ltr'>de</span> <span class='ocrx_word' id='word_1_186' title='bbox 706 2738 1010 2813; x_wconf 87' lang='lat' dir='ltr'>Peloponuesiorum</span> <span class='ocrx_word' id='word_1_187' title='bbox 1029 2737 1416 2810; x_wconf 87' lang='lat' dir='ltr'>Lacedaemoniorumque</span> 
     </span>
     <span class='ocr_line' id='line_1_22' title="bbox 188 2832 1414 2915; baseline -0.006 -17"><span class='ocrx_word' id='word_1_188' title='bbox 188 2839 342 2915; x_wconf 89' lang='lat' dir='ltr'>sepulcris</span> <span class='ocrx_word' id='word_1_189' title='bbox 371 2839 456 2913; x_wconf 87' lang='lat' dir='ltr'>apud</span> <span class='ocrx_word' id='word_1_190' title='bbox 486 2838 659 2897; x_wconf 92' lang='lat' dir='ltr'>Diodorum</span> <span class='ocrx_word' id='word_1_191' title='bbox 682 2838 926 2911; x_wconf 89' lang='lat' dir='ltr'>subsequuntur</span> <span class='ocrx_word' id='word_1_192' title='bbox 949 2834 1000 2913; x_wconf 89' lang='grc'>(01.</span> <span class='ocrx_word' id='word_1_193' title='bbox 1027 2833 1046 2912; x_wconf 65' lang='grc' dir='ltr'><strong>ἓ</strong></span> <span class='ocrx_word' id='word_1_194' title='bbox 1069 2832 1131 2911; x_wconf 89' lang='grc'>43).</span> <span class='ocrx_word' id='word_1_195' title='bbox 1166 2833 1287 2894; x_wconf 93' lang='lat' dir='ltr'>Oculus</span> <span class='ocrx_word' id='word_1_196' title='bbox 1308 2837 1414 2892; x_wconf 91' lang='lat' dir='ltr'>autem</span> 
     </span>
     <span class='ocr_line' id='line_1_23' title="bbox 188 2932 1410 3011; baseline -0.005 -16"><span class='ocrx_word' id='word_1_197' title='bbox 188 2938 254 2996; x_wconf 90' lang='lat' dir='ltr'>eius</span> <span class='ocrx_word' id='word_1_198' title='bbox 276 2936 438 2996; x_wconf 90' lang='lat' dir='ltr'>aberravit</span> <span class='ocrx_word' id='word_1_199' title='bbox 459 2953 477 2994; x_wconf 90' lang='lat' dir='ltr'>a</span> <span class='ocrx_word' id='word_1_200' title='bbox 498 2937 604 3011; x_wconf 89' lang='lat' dir='ltr'>priore</span> <span class='ocrx_word' id='word_1_201' title='bbox 625 2953 701 2994; x_wconf 88' lang='lat' dir='ltr'>voce</span> <span class='ocrx_word' id='word_1_202' title='bbox 722 2933 807 3010; x_wconf 79' lang='grc' dir='ltr'><em>τόδε,</em></span> <span class='ocrx_word' id='word_1_203' title='bbox 832 2952 915 3009; x_wconf 89' lang='lat' dir='ltr'>quae</span> <span class='ocrx_word' id='word_1_204' title='bbox 935 2932 1157 3009; x_wconf 85' lang='lat' dir='ltr'>epigrammati</span> <span class='ocrx_word' id='word_1_205' title='bbox 1178 2932 1214 2990; x_wconf 89' lang='lat'>91</span> <span class='ocrx_word' id='word_1_206' title='bbox 1239 2932 1410 3007; x_wconf 89' lang='lat' dir='ltr'>praecedit,</span> 
     </span>
     <span class='ocr_line' id='line_1_24' title="bbox 188 3023 1413 3111; baseline -0.006 -17"><span class='ocrx_word' id='word_1_207' title='bbox 188 3023 227 3094; x_wconf 92' lang='lat' dir='ltr'>ad</span> <span class='ocrx_word' id='word_1_208' title='bbox 248 3036 398 3109; x_wconf 90' lang='lat' dir='ltr'>alteram,</span> <span class='ocrx_word' id='word_1_209' title='bbox 422 3051 519 3108; x_wconf 91' lang='lat' dir='ltr'>quam</span> <span class='ocrx_word' id='word_1_210' title='bbox 540 3033 655 3108; x_wconf 86' lang='lat' dir='ltr'>excipit</span> <span class='ocrx_word' id='word_1_211' title='bbox 676 3051 724 3108; x_wconf 90' lang='lat' dir='ltr'>ep.</span> <span class='ocrx_word' id='word_1_212' title='bbox 743 3033 796 3093; x_wconf 83' lang='lat'>92:</span> <span class='ocrx_word' id='word_1_213' title='bbox 819 3037 910 3111; x_wconf 85' lang='grc' dir='ltr'><em>κοινῇ</em></span> <span class='ocrx_word' id='word_1_214' title='bbox 927 3029 987 3109; x_wconf 85' lang='grc' dir='ltr'><em>μὲν</em></span> <span class='ocrx_word' id='word_1_215' title='bbox 1004 3033 1081 3091; x_wconf 82' lang='grc' dir='ltr'><em>πᾶσι</em></span> <span class='ocrx_word' id='word_1_216' title='bbox 1100 3027 1164 3106; x_wconf 77' lang='lat' dir='ltr'>(dn.</span> <span class='ocrx_word' id='word_1_217' title='bbox 1184 3028 1289 3104; x_wconf 88' lang='lat' dir='ltr'>Diod.)</span> <span class='ocrx_word' id='word_1_218' title='bbox 1308 3026 1413 3088; x_wconf 79' lang='grc' dir='ltr'><em>τόδε·</em></span> 
     </span>
     <span class='ocr_line' id='line_1_25' title="bbox 190 3125 1411 3211; baseline -0.005 -19"><span class='ocrx_word' id='word_1_219' title='bbox 190 3131 292 3211; x_wconf 90' lang='lat' dir='ltr'>[Diod.</span> <span class='ocrx_word' id='word_1_220' title='bbox 316 3130 466 3211; x_wconf 79' lang='grc' dir='ltr'><em>μυριάσιν</em></span> <span class='ocrx_word' id='word_1_221' title='bbox 486 3131 549 3192; x_wconf 81' lang='grc' dir='ltr'>κτλ.</span> <span class='ocrx_word' id='word_1_222' title='bbox 572 3177 579 3192; x_wconf 95' lang='grc'>.</span> <span class='ocrx_word' id='word_1_223' title='bbox 606 3177 613 3191; x_wconf 91' lang='grc'>.</span> <span class='ocrx_word' id='word_1_224' title='bbox 639 3177 646 3191; x_wconf 91' lang='grc'>.</span> <span class='ocrx_word' id='word_1_225' title='bbox 673 3177 680 3190; x_wconf 95' lang='grc'>.</span> <span class='ocrx_word' id='word_1_226' title='bbox 706 3131 766 3208; x_wconf 91' lang='lat' dir='ltr'>(ep.</span> <span class='ocrx_word' id='word_1_227' title='bbox 789 3130 858 3208; x_wconf 84' lang='lat'>91),</span> <span class='ocrx_word' id='word_1_228' title='bbox 884 3128 946 3208; x_wconf 81' lang='grc' dir='ltr'><em>ἰδίᾳ</em></span> <span class='ocrx_word' id='word_1_229' title='bbox 968 3127 1003 3188; x_wconf 78' lang='grc' dir='ltr'>δὲ</span> <span class='ocrx_word' id='word_1_230' title='bbox 1024 3128 1129 3195; x_wconf 84' lang='grc' dir='ltr'><em>αὐτοῖς</em></span> <span class='ocrx_word' id='word_1_231' title='bbox 1150 3125 1270 3205; x_wconf 78' lang='grc' dir='ltr'><em>τόδε]</em></span> <span class='ocrx_word' id='word_1_232' title='bbox 1293 3145 1341 3202; x_wconf 90' lang='lat' dir='ltr'>ep.</span> <span class='ocrx_word' id='word_1_233' title='bbox 1363 3128 1411 3187; x_wconf 90' lang='grc'>92.</span> 
     </span>
     <span class='ocr_line' id='line_1_26' title="bbox 188 3225 1415 3307; baseline -0.006 -17"><span class='ocrx_word' id='word_1_234' title='bbox 188 3233 225 3290; x_wconf 94' lang='lat' dir='ltr'>In</span> <span class='ocrx_word' id='word_1_235' title='bbox 247 3233 345 3290; x_wconf 90' lang='lat' dir='ltr'>huius</span> <span class='ocrx_word' id='word_1_236' title='bbox 366 3231 604 3307; x_wconf 87' lang='lat' dir='ltr'>epigrammatis</span> <span class='ocrx_word' id='word_1_237' title='bbox 625 3233 714 3290; x_wconf 86' lang='lat' dir='ltr'>textu</span> <span class='ocrx_word' id='word_1_238' title='bbox 738 3229 923 3307; x_wconf 91' lang='lat' dir='ltr'>(Diodoreo,</span> <span class='ocrx_word' id='word_1_239' title='bbox 947 3229 1112 3303; x_wconf 85' lang='lat' dir='ltr'>Ephoreo,</span> <span class='ocrx_word' id='word_1_240' title='bbox 1137 3225 1189 3304; x_wconf 46' lang='grc' dir='ltr'>Αἵ)</span> <span class='ocrx_word' id='word_1_241' title='bbox 1212 3227 1415 3303; x_wconf 84' lang='lat' dir='ltr'>neglegenter</span> 
     </span>
     <span class='ocr_line' id='line_1_27' title="bbox 188 3325 1116 3405; baseline -0.003 -17"><span class='ocrx_word' id='word_1_242' title='bbox 188 3330 315 3405; x_wconf 90' lang='lat' dir='ltr'>scripsit</span> <span class='ocrx_word' id='word_1_243' title='bbox 336 3325 365 3389; x_wconf 84' lang='grc' dir='ltr'>ὠ</span> <span class='ocrx_word' id='word_1_244' title='bbox 387 3327 479 3399; x_wconf 81' lang='grc' dir='ltr'><em>ξεῖν’</em></span> <span class='ocrx_word' id='word_1_245' title='bbox 498 3347 556 3404; x_wconf 89' lang='lat' dir='ltr'>pro</span> <span class='ocrx_word' id='word_1_246' title='bbox 578 3325 606 3389; x_wconf 83' lang='grc' dir='ltr'>ὠ</span> <span class='ocrx_word' id='word_1_247' title='bbox 629 3328 722 3399; x_wconf 84' lang='grc' dir='ltr'><em>ξένε.</em></span> <span class='ocrx_word' id='word_1_248' title='bbox 749 3329 796 3388; x_wconf 82' lang='lat' dir='ltr'>cf.</span> <span class='ocrx_word' id='word_1_249' title='bbox 820 3326 839 3405; x_wconf 65' lang='grc' dir='ltr'><strong>ξ</strong></span> <span class='ocrx_word' id='word_1_250' title='bbox 861 3329 910 3386; x_wconf 87' lang='grc'>44.</span> <span class='ocrx_word' id='word_1_251' title='bbox 1115 3329 1116 3332; x_wconf 74' lang='grc'>’</span> 
     </span>
    </p>

    <p class='ocr_par' dir='ltr' id='par_1_6' title="bbox 187 3422 1414 3796">
     <span class='ocr_line' id='line_1_28' title="bbox 227 3422 1414 3503; baseline -0.005 -17"><span class='ocrx_word' id='word_1_252' title='bbox 227 3429 303 3503; x_wconf 89' lang='lat' dir='ltr'>Pag.</span> <span class='ocrx_word' id='word_1_253' title='bbox 330 3426 387 3486; x_wconf 84' lang='lat'>119</span> <span class='ocrx_word' id='word_1_254' title='bbox 414 3427 577 3487; x_wconf 87' lang='lat' dir='ltr'>invenitur</span> <span class='ocrx_word' id='word_1_255' title='bbox 598 3444 646 3502; x_wconf 89' lang='lat' dir='ltr'>ep.</span> <span class='ocrx_word' id='word_1_256' title='bbox 673 3427 729 3486; x_wconf 84' lang='lat'>157</span> <span class='ocrx_word' id='word_1_257' title='bbox 754 3426 927 3500; x_wconf 90' lang='lat' dir='ltr'>Simonidis</span> <span class='ocrx_word' id='word_1_258' title='bbox 948 3425 1136 3484; x_wconf 89' lang='lat' dir='ltr'>auctoritate</span> <span class='ocrx_word' id='word_1_259' title='bbox 1156 3423 1286 3482; x_wconf 89' lang='lat' dir='ltr'>adiecta.</span> <span class='ocrx_word' id='word_1_260' title='bbox 1321 3422 1414 3490; x_wconf 84' lang='lat' dir='ltr'>Quod</span> 
     </span>
     <span class='ocr_line' id='line_1_29' title="bbox 188 3520 1410 3600; baseline -0.005 -16"><span class='ocrx_word' id='word_1_261' title='bbox 188 3527 388 3585; x_wconf 87' lang='lat' dir='ltr'>arcessitum·</span> <span class='ocrx_word' id='word_1_262' title='bbox 403 3529 473 3584; x_wconf 83' lang='lat' dir='ltr'>esse</span> <span class='ocrx_word' id='word_1_263' title='bbox 500 3543 539 3584; x_wconf 87' lang='lat' dir='ltr'>ex</span> <span class='ocrx_word' id='word_1_264' title='bbox 569 3525 658 3600; x_wconf 91' lang='lat' dir='ltr'>Diog.</span> <span class='ocrx_word' id='word_1_265' title='bbox 684 3525 809 3583; x_wconf 89' lang='lat' dir='ltr'>Laertio</span> <span class='ocrx_word' id='word_1_266' title='bbox 834 3526 887 3584; x_wconf 92' lang='lat' dir='ltr'>IV.</span> <span class='ocrx_word' id='word_1_267' title='bbox 912 3523 950 3583; x_wconf 83' lang='lat'>45</span> <span class='ocrx_word' id='word_1_268' title='bbox 973 3522 1025 3599; x_wconf 88' lang='grc'>(01.</span> <span class='ocrx_word' id='word_1_269' title='bbox 1053 3521 1072 3598; x_wconf 65' lang='grc' dir='ltr'>ξ</span> <span class='ocrx_word' id='word_1_270' title='bbox 1096 3520 1145 3596; x_wconf 87' lang='grc'>72)</span> <span class='ocrx_word' id='word_1_271' title='bbox 1168 3521 1236 3596; x_wconf 89' lang='lat' dir='ltr'>ipse</span> <span class='ocrx_word' id='word_1_272' title='bbox 1256 3521 1410 3595; x_wconf 91' lang='lat' dir='ltr'>ostendit,</span> 
     </span>
     <span class='ocr_line' id='line_1_30' title="bbox 188 3605 1413 3700; baseline -0.006 -18"><span class='ocrx_word' id='word_1_273' title='bbox 188 3642 258 3683; x_wconf 90' lang='lat' dir='ltr'>eum</span> <span class='ocrx_word' id='word_1_274' title='bbox 280 3624 462 3698; x_wconf 83' lang='lat' dir='ltr'>praemittat</span> <span class='ocrx_word' id='word_1_275' title='bbox 483 3620 653 3700; x_wconf 83' lang='grc' dir='ltr'><em>Διογένους</em></span> <span class='ocrx_word' id='word_1_276' title='bbox 674 3605 828 3698; x_wconf 56' lang='lat' dir='ltr'>Anepsiae</span> <span class='ocrx_word' id='word_1_277' title='bbox 851 3613 1037 3699; x_wconf 75' lang='grc' dir='ltr'><em>ἐπίγραμμά</em></span> <span class='ocrx_word' id='word_1_278' title='bbox 1056 3618 1099 3686; x_wconf 84' lang='grc' dir='ltr'>είς</span> <span class='ocrx_word' id='word_1_279' title='bbox 1116 3615 1301 3694; x_wconf 82' lang='grc' dir='ltr'><em>Ἃρκὲλαον,</em></span> <span class='ocrx_word' id='word_1_280' title='bbox 1327 3618 1413 3692; x_wconf 90' lang='lat' dir='ltr'>quod</span> 
     </span>
     <span class='ocr_line' id='line_1_31' title="bbox 187 3719 1021 3796; baseline -0.005 -16"><span class='ocrx_word' id='word_1_281' title='bbox 187 3722 294 3780; x_wconf 92' lang='lat' dir='ltr'>itidem</span> <span class='ocrx_word' id='word_1_282' title='bbox 316 3721 401 3796; x_wconf 91' lang='lat' dir='ltr'>apud</span> <span class='ocrx_word' id='word_1_283' title='bbox 425 3721 594 3796; x_wconf 89' lang='lat' dir='ltr'>Diogenem</span> <span class='ocrx_word' id='word_1_284' title='bbox 617 3723 764 3778; x_wconf 92' lang='lat' dir='ltr'>nostrum</span> <span class='ocrx_word' id='word_1_285' title='bbox 786 3737 834 3794; x_wconf 94' lang='lat' dir='ltr'>ep.</span> <span class='ocrx_word' id='word_1_286' title='bbox 856 3719 1021 3778; x_wconf 89' lang='lat' dir='ltr'>antecedit.</span> 
     </span>
    </p>

    <p class='ocr_par' dir='ltr' id='par_1_7' title="bbox 187 3812 1414 4878">
     <span class='ocr_line' id='line_1_32' title="bbox 226 3812 1412 3895; baseline -0.008 -18"><span class='ocrx_word' id='word_1_287' title='bbox 226 3821 285 3895; x_wconf 81' lang='lat' dir='ltr'>Ep.</span> <span class='ocrx_word' id='word_1_288' title='bbox 317 3818 536 3878; x_wconf 87' lang='lat' dir='ltr'>Simonideum</span> <span class='ocrx_word' id='word_1_289' title='bbox 563 3818 649 3893; x_wconf 89' lang='lat' dir='ltr'>apud</span> <span class='ocrx_word' id='word_1_290' title='bbox 677 3817 847 3876; x_wconf 89' lang='lat' dir='ltr'>Arsenium</span> <span class='ocrx_word' id='word_1_291' title='bbox 873 3815 1101 3892; x_wconf 87' lang='lat' dir='ltr'>gravissimum</span> <span class='ocrx_word' id='word_1_292' title='bbox 1122 3816 1170 3872; x_wconf 91' lang='lat' dir='ltr'>est</span> <span class='ocrx_word' id='word_1_293' title='bbox 1192 3812 1412 3888; x_wconf 84' lang='lat' dir='ltr'>Eurymedon-</span> 
     </span>
     <span class='ocr_line' id='line_1_33' title="bbox 187 3910 1409 3991; baseline -0.007 -16"><span class='ocrx_word' id='word_1_294' title='bbox 187 3918 265 3976; x_wconf 91' lang='lat' dir='ltr'>tium</span> <span class='ocrx_word' id='word_1_295' title='bbox 287 3934 336 3991; x_wconf 89' lang='lat' dir='ltr'>ep.</span> <span class='ocrx_word' id='word_1_296' title='bbox 354 3915 426 3991; x_wconf 89' lang='grc'>142,</span> <span class='ocrx_word' id='word_1_297' title='bbox 451 3916 537 3990; x_wconf 91' lang='lat' dir='ltr'>quod</span> <span class='ocrx_word' id='word_1_298' title='bbox 554 3933 584 3990; x_wconf 94' lang='lat' dir='ltr'>p.</span> <span class='ocrx_word' id='word_1_299' title='bbox 600 3915 658 3974; x_wconf 88' lang='grc'>329</span> <span class='ocrx_word' id='word_1_300' title='bbox 677 3916 724 3974; x_wconf 92' lang='lat' dir='ltr'>W.</span> <span class='ocrx_word' id='word_1_301' title='bbox 746 3915 863 3990; x_wconf 87' lang='lat' dir='ltr'>legitur</span> <span class='ocrx_word' id='word_1_302' title='bbox 881 3932 906 3973; x_wconf 89' lang='lat' dir='ltr'>s.</span> <span class='ocrx_word' id='word_1_303' title='bbox 923 3933 952 3972; x_wconf 90' lang='lat' dir='ltr'>v.</span> <span class='ocrx_word' id='word_1_304' title='bbox 974 3911 1089 3989; x_wconf 85' lang='grc' dir='ltr'><em>Κίμων</em></span> <span class='ocrx_word' id='word_1_305' title='bbox 1106 3914 1178 3987; x_wconf 88' lang='lat' dir='ltr'>post</span> <span class='ocrx_word' id='word_1_306' title='bbox 1196 3910 1409 3986; x_wconf 88' lang='lat' dir='ltr'>prooemium,</span> 
     </span>
     <span class='ocr_line' id='line_1_34' title="bbox 187 4008 1411 4089; baseline -0.008 -15"><span class='ocrx_word' id='word_1_307' title='bbox 187 4015 273 4089; x_wconf 90' lang='lat' dir='ltr'>quod</span> <span class='ocrx_word' id='word_1_308' title='bbox 294 4015 465 4073; x_wconf 37' lang='lat' dir='ltr'>exilevesse</span> <span class='ocrx_word' id='word_1_309' title='bbox 485 4017 668 4088; x_wconf 86' lang='lat' dir='ltr'>excerptum</span> <span class='ocrx_word' id='word_1_310' title='bbox 690 4031 729 4071; x_wconf 87' lang='lat' dir='ltr'>ex</span> <span class='ocrx_word' id='word_1_311' title='bbox 752 4013 890 4072; x_wconf 92' lang='lat' dir='ltr'>Diodoro</span> <span class='ocrx_word' id='word_1_312' title='bbox 911 4012 965 4070; x_wconf 92' lang='lat' dir='ltr'>XI.</span> <span class='ocrx_word' id='word_1_313' title='bbox 988 4011 1023 4072; x_wconf 88' lang='grc'>61</span> <span class='ocrx_word' id='word_1_314' title='bbox 1048 4028 1096 4085; x_wconf 88' lang='lat' dir='ltr'>sq.</span> <span class='ocrx_word' id='word_1_315' title='bbox 1118 4027 1211 4068; x_wconf 91' lang='lat' dir='ltr'>nemo</span> <span class='ocrx_word' id='word_1_316' title='bbox 1229 4026 1293 4066; x_wconf 92' lang='lat' dir='ltr'>uon</span> <span class='ocrx_word' id='word_1_317' title='bbox 1313 4008 1411 4065; x_wconf 90' lang='lat' dir='ltr'>videt:</span> 
     </span>
     <span class='ocr_line' id='line_1_35' title="bbox 189 4102 1413 4190; baseline -0.007 -20"><span class='ocrx_word' id='word_1_318' title='bbox 189 4109 302 4190; x_wconf 85' lang='grc' dir='ltr'><em>Κίμων</em></span> <span class='ocrx_word' id='word_1_319' title='bbox 328 4107 500 4189; x_wconf 82' lang='grc' dir='ltr'><em>στρατηγὸς</em></span> <span class='ocrx_word' id='word_1_320' title='bbox 520 4108 716 4189; x_wconf 75' lang='grc' dir='ltr'><em>Ἀθηναίων·</em></span> <span class='ocrx_word' id='word_1_321' title='bbox 743 4108 854 4170; x_wconf 86' lang='grc' dir='ltr'><em>τούτου</em></span> <span class='ocrx_word' id='word_1_322' title='bbox 877 4105 949 4175; x_wconf 82' lang='grc' dir='ltr'><em>τοὺς</em></span> <span class='ocrx_word' id='word_1_323' title='bbox 969 4105 1107 4184; x_wconf 78' lang='grc' dir='ltr'><strong><em>Μήδους</em></strong></span> <span class='ocrx_word' id='word_1_324' title='bbox 1128 4105 1313 4185; x_wconf 79' lang='grc' dir='ltr'><em>νικήσαντος</em></span> <span class='ocrx_word' id='word_1_325' title='bbox 1334 4102 1413 4164; x_wconf 81' lang='grc' dir='ltr'><strong><em>κατὰ</em></strong></span> 
     </span>
     <span class='ocr_line' id='line_1_36' title="bbox 188 4201 1412 4289; baseline -0.008 -19"><span class='ocrx_word' id='word_1_326' title='bbox 188 4215 244 4289; x_wconf 83' lang='grc' dir='ltr'><em>γῆν</em></span> <span class='ocrx_word' id='word_1_327' title='bbox 258 4207 313 4270; x_wconf 86' lang='grc' dir='ltr'>καὶ</span> <span class='ocrx_word' id='word_1_328' title='bbox 327 4206 406 4269; x_wconf 79' lang='grc' dir='ltr'><em>κατὰ</em></span> <span class='ocrx_word' id='word_1_329' title='bbox 421 4207 585 4269; x_wconf 73' lang='grc' dir='ltr'><em>θάλασσαν</em></span> <span class='ocrx_word' id='word_1_330' title='bbox 602 4209 696 4284; x_wconf 82' lang='lat' dir='ltr'>(quae</span> <span class='ocrx_word' id='word_1_331' title='bbox 712 4208 808 4267; x_wconf 88' lang='lat' dir='ltr'>verba</span> <span class='ocrx_word' id='word_1_332' title='bbox 824 4207 1097 4282; x_wconf 88' lang='lat' dir='ltr'>comprehendunt</span> <span class='ocrx_word' id='word_1_333' title='bbox 1108 4205 1219 4279; x_wconf 86' lang='lat' dir='ltr'>eapitis</span> <span class='ocrx_word' id='word_1_334' title='bbox 1231 4203 1267 4263; x_wconf 93' lang='grc'>61</span> <span class='ocrx_word' id='word_1_335' title='bbox 1280 4201 1412 4276; x_wconf 85' lang='lat' dir='ltr'>exitum)</span> 
     </span>
     <span class='ocr_line' id='line_1_37' title="bbox 188 4299 1414 4387; baseline -0.007 -19"><span class='ocrx_word' id='word_1_336' title='bbox 188 4305 204 4367; x_wconf 83' lang='grc' dir='ltr'>ὁ</span> <span class='ocrx_word' id='word_1_337' title='bbox 226 4305 330 4387; x_wconf 81' lang='grc' dir='ltr'><em>δῆμος</em></span> <span class='ocrx_word' id='word_1_338' title='bbox 350 4309 414 4366; x_wconf 86' lang='grc' dir='ltr'><em>τῶν</em></span> <span class='ocrx_word' id='word_1_339' title='bbox 430 4303 611 4385; x_wconf 72' lang='grc' dir='ltr'><em>Ἀθηναίων</em></span> <span class='ocrx_word' id='word_1_340' title='bbox 631 4303 779 4384; x_wconf 82' lang='grc' dir='ltr'><em>[δεκάτην</em></span> <span class='ocrx_word' id='word_1_341' title='bbox 797 4303 980 4381; x_wconf 78' lang='grc' dir='ltr'><em>ἐξελόμενος</em></span> <span class='ocrx_word' id='word_1_342' title='bbox 999 4302 1104 4381; x_wconf 83' lang='lat' dir='ltr'>Diod]</span> <span class='ocrx_word' id='word_1_343' title='bbox 1125 4301 1159 4362; x_wconf 82' lang='grc' dir='ltr'>εἰι</span> <span class='ocrx_word' id='word_1_344' title='bbox 1178 4305 1241 4362; x_wconf 74' lang='grc' dir='ltr'><em>τῶν</em></span> <span class='ocrx_word' id='word_1_345' title='bbox 1257 4299 1414 4378; x_wconf 80' lang='grc' dir='ltr'><em>λαφύρων</em></span> 
     </span>
     <span class='ocr_line' id='line_1_38' title="bbox 189 4397 1414 4482; baseline -0.007 -16"><span class='ocrx_word' id='word_1_346' title='bbox 189 4401 254 4478; x_wconf 85' lang='grc' dir='ltr'><em>&lt;ὧν</em></span> <span class='ocrx_word' id='word_1_347' title='bbox 271 4403 390 4482; x_wconf 81' lang='grc' dir='ltr'><em>εἰλήφει</em></span> <span class='ocrx_word' id='word_1_348' title='bbox 407 4405 479 4464; x_wconf 90' lang='lat' dir='ltr'>add.</span> <span class='ocrx_word' id='word_1_349' title='bbox 494 4405 565 4463; x_wconf 89' lang='lat' dir='ltr'>Ars.</span> <span class='ocrx_word' id='word_1_350' title='bbox 580 4405 625 4464; x_wconf 90' lang='lat' dir='ltr'>sic</span> <span class='ocrx_word' id='word_1_351' title='bbox 640 4405 825 4478; x_wconf 88' lang='lat' dir='ltr'>complexus</span> <span class='ocrx_word' id='word_1_352' title='bbox 840 4421 908 4477; x_wconf 90' lang='lat' dir='ltr'>cap.</span> <span class='ocrx_word' id='word_1_353' title='bbox 924 4402 959 4460; x_wconf 90' lang='grc'>61</span> <span class='ocrx_word' id='word_1_354' title='bbox 977 4399 1258 4476; x_wconf 86' lang='lat' dir='ltr'>praetermissum&gt;</span> <span class='ocrx_word' id='word_1_355' title='bbox 1274 4397 1414 4477; x_wconf 74' lang='grc' dir='ltr'><em>ἀνέθηκε</em></span> 
     </span>
     <span class='ocr_line' id='line_1_39' title="bbox 187 4494 1413 4581; baseline -0.004 -21"><span class='ocrx_word' id='word_1_356' title='bbox 187 4503 323 4581; x_wconf 67' lang='grc' dir='ltr'>10111εῴ</span> <span class='ocrx_word' id='word_1_357' title='bbox 345 4500 407 4579; x_wconf 80' lang='lat' dir='ltr'>(ap.</span> <span class='ocrx_word' id='word_1_358' title='bbox 430 4502 519 4561; x_wconf 90' lang='lat' dir='ltr'>Diod.</span> <span class='ocrx_word' id='word_1_359' title='bbox 541 4500 587 4560; x_wconf 89' lang='grc' dir='ltr'>ἀν.</span> <span class='ocrx_word' id='word_1_360' title='bbox 611 4524 633 4560; x_wconf 87' lang='grc' dir='ltr'>τ.</span> <span class='ocrx_word' id='word_1_361' title='bbox 655 4499 688 4561; x_wconf 67' lang='lat' dir='ltr'>ri.</span> <span class='ocrx_word' id='word_1_362' title='bbox 711 4504 784 4560; x_wconf 83' lang='lat' dir='ltr'>ante</span> <span class='ocrx_word' id='word_1_363' title='bbox 805 4499 840 4560; x_wconf 87' lang='grc' dir='ltr'>ἒκ</span> <span class='ocrx_word' id='word_1_364' title='bbox 862 4499 938 4575; x_wconf 85' lang='lat' dir='ltr'>leg.)</span> <span class='ocrx_word' id='word_1_365' title='bbox 960 4497 1013 4559; x_wconf 84' lang='grc' dir='ltr'>καὶ</span> <span class='ocrx_word' id='word_1_366' title='bbox 1035 4497 1089 4577; x_wconf 82' lang='grc' dir='ltr'><em>τὴν</em></span> <span class='ocrx_word' id='word_1_367' title='bbox 1111 4494 1290 4575; x_wconf 79' lang='grc' dir='ltr'><em>ἐπιγραφὴν</em></span> <span class='ocrx_word' id='word_1_368' title='bbox 1312 4495 1361 4556; x_wconf 83' lang='grc' dir='ltr'><em>ε’πὶ</em></span> <span class='ocrx_word' id='word_1_369' title='bbox 1379 4494 1413 4555; x_wconf 83' lang='grc' dir='ltr'>τὸ</span> 
     </span>
     <span class='ocr_line' id='line_1_40' title="bbox 188 4597 1414 4678; baseline -0.005 -18"><span class='ocrx_word' id='word_1_370' title='bbox 188 4597 444 4661; x_wconf 71' lang='grc' dir='ltr'><em>κατασκευασθὲν</em></span> <span class='ocrx_word' id='word_1_371' title='bbox 465 4597 619 4678; x_wconf 71' lang='grc' dir='ltr'><em>ἀνάθημα</em></span> <span class='ocrx_word' id='word_1_372' title='bbox 641 4597 801 4676; x_wconf 79' lang='grc' dir='ltr'><em>ἐπέγραψε</em></span> <span class='ocrx_word' id='word_1_373' title='bbox 822 4597 927 4676; x_wconf 79' lang='grc' dir='ltr'><em>τήνδε·</em></span> <span class='ocrx_word' id='word_1_374' title='bbox 950 4615 1015 4673; x_wconf 89' lang='lat' dir='ltr'>seq.</span> <span class='ocrx_word' id='word_1_375' title='bbox 1029 4616 1077 4672; x_wconf 91' lang='lat' dir='ltr'>ep.</span> <span class='ocrx_word' id='word_1_376' title='bbox 1095 4597 1161 4655; x_wconf 86' lang='grc'>142.</span> <span class='ocrx_word' id='word_1_377' title='bbox 1187 4597 1414 4671; x_wconf 88' lang='lat' dir='ltr'>Expectaveris</span> 
     </span>
     <span class='ocr_line' id='line_1_41' title="bbox 187 4694 1409 4774; baseline -0.003 -18"><span class='ocrx_word' id='word_1_378' title='bbox 187 4716 273 4758; x_wconf 89' lang='lat' dir='ltr'>nuuc</span> <span class='ocrx_word' id='word_1_379' title='bbox 300 4699 539 4774; x_wconf 90' lang='lat' dir='ltr'>epigrammatis</span> <span class='ocrx_word' id='word_1_380' title='bbox 567 4701 690 4756; x_wconf 87' lang='lat' dir='ltr'>textum</span> <span class='ocrx_word' id='word_1_381' title='bbox 720 4697 911 4756; x_wconf 88' lang='lat' dir='ltr'>Diodoreum</span> <span class='ocrx_word' id='word_1_382' title='bbox 942 4695 993 4772; x_wconf 86' lang='lat'>(=</span> <span class='ocrx_word' id='word_1_383' title='bbox 1021 4697 1206 4770; x_wconf 85' lang='lat' dir='ltr'>Ephoreum</span> <span class='ocrx_word' id='word_1_384' title='bbox 1228 4721 1267 4743; x_wconf 92' lang='lat'><strong><em>=</em></strong></span> <span class='ocrx_word' id='word_1_385' title='bbox 1290 4696 1345 4769; x_wconf 69' lang='lat'>1¹,</span> <span class='ocrx_word' id='word_1_386' title='bbox 1370 4694 1409 4752; x_wconf 86' lang='lat' dir='ltr'>oi.</span> 
     </span>
     <span class='ocr_line' id='line_1_42' title="bbox 189 4789 1411 4878; baseline -0.005 -22"><span class='ocrx_word' id='word_1_387' title='bbox 189 4794 231 4875; x_wconf 74' lang='lat'>§§</span> <span class='ocrx_word' id='word_1_388' title='bbox 253 4797 309 4872; x_wconf 88' lang='grc'>48,</span> <span class='ocrx_word' id='word_1_389' title='bbox 335 4794 396 4878; x_wconf 86' lang='grc'>60).</span> <span class='ocrx_word' id='word_1_390' title='bbox 424 4796 575 4876; x_wconf 88' lang='lat' dir='ltr'>Sequitur</span> <span class='ocrx_word' id='word_1_391' title='bbox 598 4814 673 4858; x_wconf 89' lang='lat' dir='ltr'>vero</span> <span class='ocrx_word' id='word_1_392' title='bbox 694 4797 816 4876; x_wconf 88' lang='lat' dir='ltr'>textus,</span> <span class='ocrx_word' id='word_1_393' title='bbox 842 4795 933 4856; x_wconf 88' lang='lat' dir='ltr'>ouius</span> <span class='ocrx_word' id='word_1_394' title='bbox 948 4793 1097 4856; x_wconf 85' lang='lat' dir='ltr'>lectiones</span> <span class='ocrx_word' id='word_1_395' title='bbox 1108 4794 1301 4871; x_wconf 88' lang='lat' dir='ltr'>insigniores</span> <span class='ocrx_word' id='word_1_396' title='bbox 1315 4790 1348 4870; x_wconf 56' lang='grc' dir='ltr'>(ᾗ</span> <span class='ocrx_word' id='word_1_397' title='bbox 1361 4789 1411 4864; x_wconf 85' lang='grc'>60)</span> 
     </span>
    </p>
   </div>
   <div class='ocr_carea' id='block_1_5' title="bbox 0 0 1790 5716">
    <p class='ocr_par' dir='ltr' id='par_1_8' title="bbox 0 0 1790 5716">
     <span class='ocr_line' id='line_1_43' title="bbox 0 0 1790 5716; baseline 0 0"><span class='ocrx_word' id='word_1_398' title='bbox 0 0 1790 5716; x_wconf 95' lang='lat' dir='ltr'> </span> 
     </span>
    </p>
   </div>
  </div>
 </body>
</html>
