<?xml version="1.0" encoding="UTF-8"?>
<!DOCTYPE html PUBLIC "-//W3C//DTD XHTML 1.0 Transitional//EN"
    "http://www.w3.org/TR/xhtml1/DTD/xhtml1-transitional.dtd">
<html xmlns="http://www.w3.org/1999/xhtml" xml:lang="en" lang="en">
 <head>
  <title>
</title>
<meta http-equiv="Content-Type" content="text/html;charset=utf-8" />
  <meta name='ocr-system' content='tesseract 3.04.00' />
  <meta name='ocr-capabilities' content='ocr_page ocr_carea ocr_par ocr_line ocrx_word'/>
</head>
<body>
  <div class='ocr_page' id='page_1' title='image "./deepigrammatiss00boasgoog_0055.png"; bbox 0 0 3546 5724; ppageno 0'>
   <div class='ocr_carea' id='block_1_1' title="bbox 781 463 1410 547">
    <p class='ocr_par' dir='ltr' id='par_1_1' title="bbox 781 463 1410 547">
     <span class='ocr_line' id='line_1_1' title="bbox 781 463 1410 547; baseline 0.002 -20"><span class='ocrx_word' id='word_1_1' title='bbox 781 463 819 527; x_wconf 82' lang='lat' dir='ltr'>aa</span> <span class='ocrx_word' id='word_1_2' title='bbox 1320 464 1339 547; x_wconf 64' lang='lat' dir='ltr'>a</span> <span class='ocrx_word' id='word_1_3' title='bbox 1363 465 1410 529; x_wconf 81' lang='lat' dir='ltr'>ao.</span> 
     </span>
    </p>
   </div>
   <div class='ocr_carea' id='block_1_2' title="bbox 170 653 1444 4748">
    <p class='ocr_par' dir='ltr' id='par_1_2' title="bbox 184 653 1415 2297">
     <span class='ocr_line' id='line_1_2' title="bbox 228 653 1411 732; baseline 0 -17"><span class='ocrx_word' id='word_1_4' title='bbox 228 655 311 715; x_wconf 93' lang='lat' dir='ltr'>Num</span> <span class='ocrx_word' id='word_1_5' title='bbox 339 654 535 732; x_wconf 79' lang='lat' dir='ltr'><strong>epigramma</strong></span> <span class='ocrx_word' id='word_1_6' title='bbox 561 655 721 730; x_wconf 87' lang='lat' dir='ltr'>quoddam</span> <span class='ocrx_word' id='word_1_7' title='bbox 745 657 828 714; x_wconf 89' lang='lat' dir='ltr'>recte</span> <span class='ocrx_word' id='word_1_8' title='bbox 851 653 1006 714; x_wconf 86' lang='lat' dir='ltr'>Simonidi</span> <span class='ocrx_word' id='word_1_9' title='bbox 1028 655 1227 732; x_wconf 89' lang='lat' dir='ltr'>assignatum</span> <span class='ocrx_word' id='word_1_10' title='bbox 1251 656 1411 732; x_wconf 91' lang='lat' dir='ltr'>videatur,</span> 
     </span>
     <span class='ocr_line' id='line_1_3' title="bbox 189 750 1415 830; baseline 0 -17"><span class='ocrx_word' id='word_1_11' title='bbox 189 755 219 813; x_wconf 92' lang='lat' dir='ltr'>id</span> <span class='ocrx_word' id='word_1_12' title='bbox 247 755 375 813; x_wconf 88' lang='lat' dir='ltr'>demum</span> <span class='ocrx_word' id='word_1_13' title='bbox 404 754 583 813; x_wconf 91' lang='lat' dir='ltr'>discernere</span> <span class='ocrx_word' id='word_1_14' title='bbox 611 753 804 828; x_wconf 88' lang='lat' dir='ltr'>poterimus,</span> <span class='ocrx_word' id='word_1_15' title='bbox 836 753 863 810; x_wconf 92' lang='lat' dir='ltr'>si</span> <span class='ocrx_word' id='word_1_16' title='bbox 891 750 1043 830; x_wconf 82' lang='grc' dir='ltr'><em>κριτηρίῳ</em></span> <span class='ocrx_word' id='word_1_17' title='bbox 1068 754 1207 828; x_wconf 90' lang='lat' dir='ltr'>quodam</span> <span class='ocrx_word' id='word_1_18' title='bbox 1228 754 1415 830; x_wconf 80' lang='lat' dir='ltr'>dignoscere</span> 
     </span>
     <span class='ocr_line' id='line_1_4' title="bbox 189 850 1413 927; baseline 0 -16"><span class='ocrx_word' id='word_1_19' title='bbox 189 852 306 927; x_wconf 91' lang='lat' dir='ltr'>licebit,</span> <span class='ocrx_word' id='word_1_20' title='bbox 330 870 490 927; x_wconf 81' lang='lat' dir='ltr'>quaenam</span> <span class='ocrx_word' id='word_1_21' title='bbox 511 853 741 927; x_wconf 88' lang='lat' dir='ltr'>epigrammata</span> <span class='ocrx_word' id='word_1_22' title='bbox 762 850 975 910; x_wconf 90' lang='lat' dir='ltr'>Simonideam</span> <span class='ocrx_word' id='word_1_23' title='bbox 996 851 1134 910; x_wconf 90' lang='lat' dir='ltr'>indolem</span> <span class='ocrx_word' id='word_1_24' title='bbox 1151 855 1247 926; x_wconf 91' lang='lat' dir='ltr'>atque</span> <span class='ocrx_word' id='word_1_25' title='bbox 1265 855 1413 911; x_wconf 91' lang='lat' dir='ltr'>naturam</span> 
     </span>
     <span class='ocr_line' id='line_1_5' title="bbox 189 948 1414 1026; baseline 0 -17"><span class='ocrx_word' id='word_1_26' title='bbox 189 968 318 1026; x_wconf 90' lang='lat' dir='ltr'>praese</span> <span class='ocrx_word' id='word_1_27' title='bbox 339 951 453 1009; x_wconf 89' lang='lat' dir='ltr'>ierant.</span> <span class='ocrx_word' id='word_1_28' title='bbox 478 949 582 1018; x_wconf 85' lang='lat' dir='ltr'>Quam</span> <span class='ocrx_word' id='word_1_29' title='bbox 603 948 820 1024; x_wconf 90' lang='lat' dir='ltr'>distinguendi</span> <span class='ocrx_word' id='word_1_30' title='bbox 843 949 995 1008; x_wconf 89' lang='lat' dir='ltr'>rationem</span> <span class='ocrx_word' id='word_1_31' title='bbox 1018 949 1166 1024; x_wconf 91' lang='lat' dir='ltr'>adipisci,</span> <span class='ocrx_word' id='word_1_32' title='bbox 1191 950 1318 1025; x_wconf 83' lang='lat' dir='ltr'>opinor,</span> <span class='ocrx_word' id='word_1_33' title='bbox 1343 967 1414 1025; x_wconf 89' lang='lat' dir='ltr'>pos·</span> 
     </span>
     <span class='ocr_line' id='line_1_6' title="bbox 189 1047 1413 1122; baseline 0 -16"><span class='ocrx_word' id='word_1_34' title='bbox 189 1066 300 1108; x_wconf 92' lang='lat' dir='ltr'>sumus</span> <span class='ocrx_word' id='word_1_35' title='bbox 321 1049 467 1107; x_wconf 89' lang='lat' dir='ltr'>instituta</span> <span class='ocrx_word' id='word_1_36' title='bbox 490 1048 725 1122; x_wconf 88' lang='lat' dir='ltr'>comparatione</span> <span class='ocrx_word' id='word_1_37' title='bbox 745 1047 828 1105; x_wconf 89' lang='lat' dir='ltr'>inter</span> <span class='ocrx_word' id='word_1_38' title='bbox 849 1047 1095 1122; x_wconf 88' lang='lat' dir='ltr'>epigrammata,</span> <span class='ocrx_word' id='word_1_39' title='bbox 1120 1065 1202 1122; x_wconf 89' lang='lat' dir='ltr'>quae</span> <span class='ocrx_word' id='word_1_40' title='bbox 1219 1047 1413 1108; x_wconf 87' lang='lat' dir='ltr'>Simonidem</span> 
     </span>
     <span class='ocr_line' id='line_1_7' title="bbox 188 1145 1414 1222; baseline -0.001 -17"><span class='ocrx_word' id='word_1_41' title='bbox 188 1147 404 1222; x_wconf 77' lang='lat' dir='ltr'>composuisse</span> <span class='ocrx_word' id='word_1_42' title='bbox 432 1148 572 1220; x_wconf 88' lang='lat' dir='ltr'>constat,</span> <span class='ocrx_word' id='word_1_43' title='bbox 602 1145 664 1204; x_wconf 92' lang='lat' dir='ltr'>tria</span> <span class='ocrx_word' id='word_1_44' title='bbox 692 1148 721 1204; x_wconf 90' lang='lat' dir='ltr'>et</span> <span class='ocrx_word' id='word_1_45' title='bbox 750 1145 853 1220; x_wconf 91' lang='lat' dir='ltr'>quinti</span> <span class='ocrx_word' id='word_1_46' title='bbox 882 1146 998 1204; x_wconf 91' lang='lat' dir='ltr'>saeculi</span> <span class='ocrx_word' id='word_1_47' title='bbox 1023 1146 1245 1220; x_wconf 75' lang='lat' dir='ltr'>inscriptiones</span> <span class='ocrx_word' id='word_1_48' title='bbox 1267 1147 1414 1205; x_wconf 89' lang='lat' dir='ltr'>metricas</span> 
     </span>
     <span class='ocr_line' id='line_1_8' title="bbox 188 1241 1413 1321; baseline 0.001 -20"><span class='ocrx_word' id='word_1_49' title='bbox 188 1245 346 1320; x_wconf 77' lang='lat' dir='ltr'>vulgares</span> <span class='ocrx_word' id='word_1_50' title='bbox 372 1244 595 1302; x_wconf 75' lang='lat' dir='ltr'>adhibendum</span> <span class='ocrx_word' id='word_1_51' title='bbox 617 1244 733 1303; x_wconf 91' lang='lat' dir='ltr'>scilicet</span> <span class='ocrx_word' id='word_1_52' title='bbox 755 1245 803 1302; x_wconf 91' lang='lat' dir='ltr'>est</span> <span class='ocrx_word' id='word_1_53' title='bbox 825 1245 970 1301; x_wconf 89' lang='lat' dir='ltr'>nostrum</span> <span class='ocrx_word' id='word_1_54' title='bbox 992 1241 1153 1321; x_wconf 77' lang='grc' dir='ltr'><strong><em>κριτήριον</em></strong></span> <span class='ocrx_word' id='word_1_55' title='bbox 1173 1243 1206 1300; x_wconf 91' lang='lat' dir='ltr'>in</span> <span class='ocrx_word' id='word_1_56' title='bbox 1228 1243 1266 1302; x_wconf 92' lang='lat' dir='ltr'>iis</span> <span class='ocrx_word' id='word_1_57' title='bbox 1288 1246 1413 1302; x_wconf 90' lang='lat' dir='ltr'>tantum</span> 
     </span>
     <span class='ocr_line' id='line_1_9' title="bbox 186 1340 1414 1418; baseline 0 -18"><span class='ocrx_word' id='word_1_58' title='bbox 186 1341 424 1418; x_wconf 79' lang='lat' dir='ltr'>epigrammatis</span> <span class='ocrx_word' id='word_1_59' title='bbox 440 1374 479 1383; x_wconf 95' lang='lat'>-</span> <span class='ocrx_word' id='word_1_60' title='bbox 493 1342 589 1416; x_wconf 90' lang='lat' dir='ltr'>idque</span> <span class='ocrx_word' id='word_1_61' title='bbox 603 1342 635 1399; x_wconf 93' lang='lat' dir='ltr'>in</span> <span class='ocrx_word' id='word_1_62' title='bbox 652 1358 762 1400; x_wconf 91' lang='lat' dir='ltr'>eorum</span> <span class='ocrx_word' id='word_1_63' title='bbox 777 1340 880 1400; x_wconf 88' lang='lat' dir='ltr'>torma</span> <span class='ocrx_word' id='word_1_64' title='bbox 895 1341 1118 1414; x_wconf 90' lang='lat' dir='ltr'>antiquissima</span> <span class='ocrx_word' id='word_1_65' title='bbox 1134 1375 1171 1384; x_wconf 82' lang='lat'>-</span> <span class='ocrx_word' id='word_1_66' title='bbox 1187 1358 1269 1415; x_wconf 91' lang='lat' dir='ltr'>quae</span> <span class='ocrx_word' id='word_1_67' title='bbox 1285 1344 1414 1417; x_wconf 89' lang='lat' dir='ltr'>propter</span> 
     </span>
     <span class='ocr_line' id='line_1_10' title="bbox 186 1438 1414 1520; baseline 0.002 -23"><span class='ocrx_word' id='word_1_68' title='bbox 186 1443 411 1514; x_wconf 85' lang='lat' dir='ltr'>argumentum</span> <span class='ocrx_word' id='word_1_69' title='bbox 440 1457 458 1498; x_wconf 88' lang='lat' dir='ltr'>a</span> <span class='ocrx_word' id='word_1_70' title='bbox 490 1439 652 1498; x_wconf 89' lang='lat' dir='ltr'>Simonide</span> <span class='ocrx_word' id='word_1_71' title='bbox 680 1438 784 1497; x_wconf 86' lang='lat' dir='ltr'>condi</span> <span class='ocrx_word' id='word_1_72' title='bbox 800 1440 973 1520; x_wconf 84' lang='lat' dir='ltr'>potuerunt</span> <span class='ocrx_word' id='word_1_73' title='bbox 1001 1455 1147 1513; x_wconf 90' lang='lat' dir='ltr'>quaeque</span> <span class='ocrx_word' id='word_1_74' title='bbox 1171 1440 1414 1514; x_wconf 86' lang='lat' dir='ltr'>perantiquam</span> 
     </span>
     <span class='ocr_line' id='line_1_11' title="bbox 186 1537 1415 1612; baseline 0 -17"><span class='ocrx_word' id='word_1_75' title='bbox 186 1537 387 1596; x_wconf 85' lang='lat' dir='ltr'>traditionem</span> <span class='ocrx_word' id='word_1_76' title='bbox 409 1537 441 1596; x_wconf 93' lang='lat' dir='ltr'>in</span> <span class='ocrx_word' id='word_1_77' title='bbox 465 1537 646 1596; x_wconf 85' lang='lat' dir='ltr'>Collectoris</span> <span class='ocrx_word' id='word_1_78' title='bbox 667 1538 771 1596; x_wconf 85' lang='lat' dir='ltr'>tontes</span> <span class='ocrx_word' id='word_1_79' title='bbox 789 1537 958 1596; x_wconf 88' lang='lat' dir='ltr'>transiisse</span> <span class='ocrx_word' id='word_1_80' title='bbox 976 1537 1025 1595; x_wconf 94' lang='lat' dir='ltr'>vel</span> <span class='ocrx_word' id='word_1_81' title='bbox 1043 1539 1164 1595; x_wconf 89' lang='lat' dir='ltr'>eertum</span> <span class='ocrx_word' id='word_1_82' title='bbox 1184 1537 1233 1595; x_wconf 91' lang='lat' dir='ltr'>vel</span> <span class='ocrx_word' id='word_1_83' title='bbox 1251 1537 1415 1612; x_wconf 88' lang='lat' dir='ltr'>probabile</span> 
     </span>
     <span class='ocr_line' id='line_1_12' title="bbox 185 1633 1414 1710; baseline 0 -16"><span class='ocrx_word' id='word_1_84' title='bbox 185 1638 243 1694; x_wconf 90' lang='lat' dir='ltr'>est.</span> <span class='ocrx_word' id='word_1_85' title='bbox 273 1634 466 1694; x_wconf 84' lang='lat' dir='ltr'>Traditionis</span> <span class='ocrx_word' id='word_1_86' title='bbox 494 1637 598 1693; x_wconf 89' lang='lat' dir='ltr'>eutem</span> <span class='ocrx_word' id='word_1_87' title='bbox 629 1636 744 1708; x_wconf 85' lang='lat' dir='ltr'>natura</span> <span class='ocrx_word' id='word_1_88' title='bbox 766 1651 802 1693; x_wconf 90' lang='lat' dir='ltr'>ea</span> <span class='ocrx_word' id='word_1_89' title='bbox 824 1637 888 1710; x_wconf 89' lang='lat' dir='ltr'>est,</span> <span class='ocrx_word' id='word_1_90' title='bbox 920 1637 955 1692; x_wconf 90' lang='lat' dir='ltr'>ut</span> <span class='ocrx_word' id='word_1_91' title='bbox 976 1633 1203 1694; x_wconf 80' lang='lat' dir='ltr'>concedemus</span> <span class='ocrx_word' id='word_1_92' title='bbox 1224 1652 1353 1694; x_wconf 90' lang='lat' dir='ltr'>necesse</span> <span class='ocrx_word' id='word_1_93' title='bbox 1374 1636 1414 1694; x_wconf 90' lang='lat' dir='ltr'>sit</span> 
     </span>
     <span class='ocr_line' id='line_1_13' title="bbox 185 1730 1414 1809; baseline 0 -19"><span class='ocrx_word' id='word_1_94' title='bbox 185 1730 265 1792; x_wconf 78' lang='lat' dir='ltr'>fieri</span> <span class='ocrx_word' id='word_1_95' title='bbox 287 1749 406 1809; x_wconf 79' lang='lat' dir='ltr'>posse,</span> <span class='ocrx_word' id='word_1_96' title='bbox 438 1735 473 1791; x_wconf 90' lang='lat' dir='ltr'>ut</span> <span class='ocrx_word' id='word_1_97' title='bbox 502 1733 626 1791; x_wconf 93' lang='lat' dir='ltr'>nullum</span> <span class='ocrx_word' id='word_1_98' title='bbox 654 1733 851 1808; x_wconf 87' lang='lat' dir='ltr'>epigramma</span> <span class='ocrx_word' id='word_1_99' title='bbox 879 1766 918 1772; x_wconf 90' lang='lat'>-—</span> <span class='ocrx_word' id='word_1_100' title='bbox 946 1735 1071 1807; x_wconf 89' lang='lat' dir='ltr'>praeter</span> <span class='ocrx_word' id='word_1_101' title='bbox 1095 1732 1156 1790; x_wconf 89' lang='lat' dir='ltr'>tria</span> <span class='ocrx_word' id='word_1_102' title='bbox 1177 1732 1229 1791; x_wconf 93' lang='lat' dir='ltr'>illa</span> <span class='ocrx_word' id='word_1_103' title='bbox 1251 1765 1290 1774; x_wconf 94' lang='lat'><em>-</em></span> <span class='ocrx_word' id='word_1_104' title='bbox 1314 1732 1414 1792; x_wconf 90' lang='lat' dir='ltr'>Simo·</span> 
     </span>
     <span class='ocr_line' id='line_1_14' title="bbox 186 1829 1411 1906; baseline 0.001 -17"><span class='ocrx_word' id='word_1_105' title='bbox 186 1830 270 1889; x_wconf 89' lang='lat' dir='ltr'>nidis</span> <span class='ocrx_word' id='word_1_106' title='bbox 304 1830 524 1890; x_wconf 88' lang='lat' dir='ltr'>auctoritatem</span> <span class='ocrx_word' id='word_1_107' title='bbox 556 1830 640 1906; x_wconf 28' lang='lat' dir='ltr'>iure,</span> <span class='ocrx_word' id='word_1_108' title='bbox 656 1830 806 1905; x_wconf 90' lang='lat' dir='ltr'>adeptum</span> <span class='ocrx_word' id='word_1_109' title='bbox 838 1847 910 1888; x_wconf 89' lang='lat' dir='ltr'>esse</span> <span class='ocrx_word' id='word_1_110' title='bbox 939 1829 1119 1904; x_wconf 89' lang='lat' dir='ltr'>disquisitio</span> <span class='ocrx_word' id='word_1_111' title='bbox 1150 1833 1260 1889; x_wconf 90' lang='lat' dir='ltr'>nostra</span> <span class='ocrx_word' id='word_1_112' title='bbox 1291 1831 1411 1890; x_wconf 87' lang='lat' dir='ltr'>doceat.</span> 
     </span>
     <span class='ocr_line' id='line_1_15' title="bbox 185 1927 1414 2003; baseline 0.001 -17"><span class='ocrx_word' id='word_1_113' title='bbox 185 1927 388 2002; x_wconf 86' lang='lat' dir='ltr'>Quamquam</span> <span class='ocrx_word' id='word_1_114' title='bbox 421 1929 552 1987; x_wconf 89' lang='lat' dir='ltr'>lectores</span> <span class='ocrx_word' id='word_1_115' title='bbox 585 1945 713 1988; x_wconf 92' lang='lat' dir='ltr'>monere</span> <span class='ocrx_word' id='word_1_116' title='bbox 745 1928 838 1986; x_wconf 92' lang='lat' dir='ltr'>velim</span> <span class='ocrx_word' id='word_1_117' title='bbox 867 1944 969 1986; x_wconf 92' lang='lat' dir='ltr'>meam</span> <span class='ocrx_word' id='word_1_118' title='bbox 997 1927 1127 2001; x_wconf 91' lang='lat' dir='ltr'>quidem</span> <span class='ocrx_word' id='word_1_119' title='bbox 1154 1928 1414 2003; x_wconf 89' lang='lat' dir='ltr'>disceptationem</span> 
     </span>
     <span class='ocr_line' id='line_1_16' title="bbox 185 2023 1411 2103; baseline 0 -19"><span class='ocrx_word' id='word_1_120' title='bbox 185 2043 222 2084; x_wconf 90' lang='lat' dir='ltr'>eo</span> <span class='ocrx_word' id='word_1_121' title='bbox 244 2027 422 2101; x_wconf 87' lang='lat' dir='ltr'>negationis</span> <span class='ocrx_word' id='word_1_122' title='bbox 444 2044 508 2085; x_wconf 91' lang='lat' dir='ltr'>non</span> <span class='ocrx_word' id='word_1_123' title='bbox 530 2026 728 2101; x_wconf 89' lang='lat' dir='ltr'>pervenisse:</span> <span class='ocrx_word' id='word_1_124' title='bbox 751 2026 821 2084; x_wconf 89' lang='lat' dir='ltr'>licet</span> <span class='ocrx_word' id='word_1_125' title='bbox 843 2042 1002 2100; x_wconf 88' lang='lat' dir='ltr'>perpauca</span> <span class='ocrx_word' id='word_1_126' title='bbox 1024 2042 1094 2100; x_wconf 90' lang='lat' dir='ltr'>epp.</span> <span class='ocrx_word' id='word_1_127' title='bbox 1118 2024 1217 2101; x_wconf 87' lang='lat' dir='ltr'>(octe,</span> <span class='ocrx_word' id='word_1_128' title='bbox 1242 2026 1281 2084; x_wconf 83' lang='lat' dir='ltr'>ei.</span> <span class='ocrx_word' id='word_1_129' title='bbox 1303 2024 1322 2103; x_wconf 63' lang='grc' dir='ltr'>ξ</span> <span class='ocrx_word' id='word_1_130' title='bbox 1342 2023 1411 2100; x_wconf 85' lang='grc'>144)</span> 
     </span>
     <span class='ocr_line' id='line_1_17' title="bbox 185 2123 1412 2198; baseline 0.002 -17"><span class='ocrx_word' id='word_1_131' title='bbox 185 2126 296 2197; x_wconf 89' lang='lat' dir='ltr'>poetae</span> <span class='ocrx_word' id='word_1_132' title='bbox 325 2126 434 2183; x_wconf 91' lang='lat' dir='ltr'>nostro</span> <span class='ocrx_word' id='word_1_133' title='bbox 461 2124 682 2183; x_wconf 89' lang='lat' dir='ltr'>vindicaturus</span> <span class='ocrx_word' id='word_1_134' title='bbox 708 2123 778 2182; x_wconf 91' lang='lat' dir='ltr'>sim.</span> <span class='ocrx_word' id='word_1_135' title='bbox 813 2123 939 2182; x_wconf 89' lang='lat' dir='ltr'>Nullius</span> <span class='ocrx_word' id='word_1_136' title='bbox 961 2123 1199 2198; x_wconf 89' lang='lat' dir='ltr'>epigrammatis</span> <span class='ocrx_word' id='word_1_137' title='bbox 1221 2125 1326 2182; x_wconf 87' lang='lat' dir='ltr'>tamen</span> <span class='ocrx_word' id='word_1_138' title='bbox 1347 2126 1412 2183; x_wconf 91' lang='lat' dir='ltr'>tam</span> 
     </span>
     <span class='ocr_line' id='line_1_18' title="bbox 184 2221 1350 2297; baseline 0.001 -18"><span class='ocrx_word' id='word_1_139' title='bbox 184 2223 271 2280; x_wconf 91' lang='lat' dir='ltr'>certo</span> <span class='ocrx_word' id='word_1_140' title='bbox 291 2223 361 2280; x_wconf 93' lang='lat' dir='ltr'>eius</span> <span class='ocrx_word' id='word_1_141' title='bbox 382 2223 554 2282; x_wconf 90' lang='lat' dir='ltr'>auctoritas</span> <span class='ocrx_word' id='word_1_142' title='bbox 576 2223 726 2281; x_wconf 92' lang='lat' dir='ltr'>constitui</span> <span class='ocrx_word' id='word_1_143' title='bbox 747 2222 877 2297; x_wconf 89' lang='lat' dir='ltr'>poterit,</span> <span class='ocrx_word' id='word_1_144' title='bbox 902 2239 999 2296; x_wconf 92' lang='lat' dir='ltr'>quam</span> <span class='ocrx_word' id='word_1_145' title='bbox 1022 2221 1350 2297; x_wconf 87' lang='lat' dir='ltr'>Thermopyleusium.</span> 
     </span>
    </p>

    <p class='ocr_par' dir='ltr' id='par_1_3' title="bbox 183 2319 1414 2493">
     <span class='ocr_line' id='line_1_19' title="bbox 226 2319 1414 2396; baseline 0.001 -19"><span class='ocrx_word' id='word_1_146' title='bbox 226 2320 347 2378; x_wconf 84' lang='lat' dir='ltr'>Eorum</span> <span class='ocrx_word' id='word_1_147' title='bbox 369 2322 532 2395; x_wconf 90' lang='lat' dir='ltr'>praeterea</span> <span class='ocrx_word' id='word_1_148' title='bbox 552 2319 835 2396; x_wconf 89' lang='lat' dir='ltr'>epigrammatum,</span> <span class='ocrx_word' id='word_1_149' title='bbox 860 2336 943 2393; x_wconf 88' lang='lat' dir='ltr'>quae</span> <span class='ocrx_word' id='word_1_150' title='bbox 960 2319 1077 2378; x_wconf 90' lang='lat' dir='ltr'>iniuria</span> <span class='ocrx_word' id='word_1_151' title='bbox 1096 2319 1268 2378; x_wconf 88' lang='lat' dir='ltr'>Simonidis</span> <span class='ocrx_word' id='word_1_152' title='bbox 1287 2321 1414 2378; x_wconf 90' lang='lat' dir='ltr'>nomine</span> 
     </span>
     <span class='ocr_line' id='line_1_20' title="bbox 183 2417 1300 2493; baseline 0.003 -19"><span class='ocrx_word' id='word_1_153' title='bbox 183 2420 298 2476; x_wconf 90' lang='lat' dir='ltr'>ornata</span> <span class='ocrx_word' id='word_1_154' title='bbox 320 2417 530 2493; x_wconf 89' lang='lat' dir='ltr'>videbuntur,</span> <span class='ocrx_word' id='word_1_155' title='bbox 555 2420 711 2492; x_wconf 90' lang='lat' dir='ltr'>quantum</span> <span class='ocrx_word' id='word_1_156' title='bbox 734 2417 864 2492; x_wconf 88' lang='lat' dir='ltr'>poterit,</span> <span class='ocrx_word' id='word_1_157' title='bbox 890 2417 1112 2476; x_wconf 88' lang='lat' dir='ltr'>constituenda</span> <span class='ocrx_word' id='word_1_158' title='bbox 1132 2419 1180 2476; x_wconf 90' lang='lat' dir='ltr'>est</span> <span class='ocrx_word' id='word_1_159' title='bbox 1201 2418 1300 2492; x_wconf 74' lang='lat' dir='ltr'>origo·</span> 
     </span>
    </p>

    <p class='ocr_par' dir='ltr' id='par_1_4' title="bbox 183 2497 1444 3162">
     <span class='ocr_line' id='line_1_21' title="bbox 226 2497 1444 2590; baseline 0.002 -19"><span class='ocrx_word' id='word_1_160' title='bbox 226 2514 309 2573; x_wconf 90' lang='lat' dir='ltr'>Fieri</span> <span class='ocrx_word' id='word_1_161' title='bbox 340 2518 459 2590; x_wconf 91' lang='lat' dir='ltr'>potest,</span> <span class='ocrx_word' id='word_1_162' title='bbox 494 2518 530 2574; x_wconf 92' lang='lat' dir='ltr'>ut</span> <span class='ocrx_word' id='word_1_163' title='bbox 561 2497 653 2574; x_wconf 81' lang='lat' dir='ltr'>etiam</span> <span class='ocrx_word' id='word_1_164' title='bbox 686 2515 780 2574; x_wconf 91' lang='lat' dir='ltr'>hodie</span> <span class='ocrx_word' id='word_1_165' title='bbox 810 2517 917 2573; x_wconf 88' lang='lat' dir='ltr'>extent</span> <span class='ocrx_word' id='word_1_166' title='bbox 948 2515 1031 2573; x_wconf 89' lang='lat' dir='ltr'>inter</span> <span class='ocrx_word' id='word_1_167' title='bbox 1059 2515 1282 2589; x_wconf 91' lang='lat' dir='ltr'>inscriptiones</span> <span class='ocrx_word' id='word_1_168' title='bbox 1311 2515 1414 2589; x_wconf 91' lang='lat' dir='ltr'>quinti</span> <span class='ocrx_word' id='word_1_169' title='bbox 1440 2521 1444 2530; x_wconf 90' lang='lat'>&#39;</span> 
     </span>
     <span class='ocr_line' id='line_1_22' title="bbox 184 2612 1413 2688; baseline 0.001 -19"><span class='ocrx_word' id='word_1_170' title='bbox 184 2612 303 2671; x_wconf 89' lang='lat' dir='ltr'>saeculi</span> <span class='ocrx_word' id='word_1_171' title='bbox 326 2613 393 2672; x_wconf 91' lang='lat' dir='ltr'>sive</span> <span class='ocrx_word' id='word_1_172' title='bbox 413 2614 446 2671; x_wconf 93' lang='lat' dir='ltr'>in</span> <span class='ocrx_word' id='word_1_173' title='bbox 469 2614 683 2672; x_wconf 91' lang='lat' dir='ltr'>marmoribus</span> <span class='ocrx_word' id='word_1_174' title='bbox 705 2613 773 2671; x_wconf 93' lang='lat' dir='ltr'>sive</span> <span class='ocrx_word' id='word_1_175' title='bbox 794 2613 879 2686; x_wconf 90' lang='lat' dir='ltr'>apud</span> <span class='ocrx_word' id='word_1_176' title='bbox 902 2613 1073 2687; x_wconf 88' lang='lat' dir='ltr'>scriptores</span> <span class='ocrx_word' id='word_1_177' title='bbox 1095 2613 1239 2671; x_wconf 89' lang='lat' dir='ltr'>servatas</span> <span class='ocrx_word' id='word_1_178' title='bbox 1257 2612 1413 2688; x_wconf 89' lang='lat' dir='ltr'>epigram-</span> 
     </span>
     <span class='ocr_line' id='line_1_23' title="bbox 184 2709 1413 2787; baseline 0 -19"><span class='ocrx_word' id='word_1_179' title='bbox 184 2712 270 2769; x_wconf 89' lang='lat' dir='ltr'>mata</span> <span class='ocrx_word' id='word_1_180' title='bbox 303 2728 481 2787; x_wconf 88' lang='lat' dir='ltr'>anonyma,</span> <span class='ocrx_word' id='word_1_181' title='bbox 515 2729 598 2785; x_wconf 91' lang='lat' dir='ltr'>quae</span> <span class='ocrx_word' id='word_1_182' title='bbox 630 2728 740 2770; x_wconf 90' lang='lat' dir='ltr'>revera</span> <span class='ocrx_word' id='word_1_183' title='bbox 772 2728 790 2770; x_wconf 89' lang='lat' dir='ltr'>a</span> <span class='ocrx_word' id='word_1_184' title='bbox 821 2710 983 2769; x_wconf 90' lang='lat' dir='ltr'>Simonide</span> <span class='ocrx_word' id='word_1_185' title='bbox 1011 2710 1150 2785; x_wconf 88' lang='lat' dir='ltr'>proiecta</span> <span class='ocrx_word' id='word_1_186' title='bbox 1179 2709 1259 2786; x_wconf 90' lang='lat' dir='ltr'>sint,</span> <span class='ocrx_word' id='word_1_187' title='bbox 1295 2710 1413 2784; x_wconf 88' lang='lat' dir='ltr'>quibus</span> 
     </span>
     <span class='ocr_line' id='line_1_24' title="bbox 184 2809 1413 2884; baseline 0.002 -18"><span class='ocrx_word' id='word_1_188' title='bbox 184 2812 309 2884; x_wconf 90' lang='lat' dir='ltr'>autem,</span> <span class='ocrx_word' id='word_1_189' title='bbox 340 2809 415 2884; x_wconf 91' lang='lat' dir='ltr'>quia</span> <span class='ocrx_word' id='word_1_190' title='bbox 443 2811 476 2868; x_wconf 94' lang='lat' dir='ltr'>in</span> <span class='ocrx_word' id='word_1_191' title='bbox 506 2810 687 2870; x_wconf 80' lang='lat' dir='ltr'>Colleotoris</span> <span class='ocrx_word' id='word_1_192' title='bbox 716 2809 819 2868; x_wconf 84' lang='lat' dir='ltr'>fontes</span> <span class='ocrx_word' id='word_1_193' title='bbox 846 2827 910 2867; x_wconf 92' lang='lat' dir='ltr'>non</span> <span class='ocrx_word' id='word_1_194' title='bbox 933 2810 1164 2883; x_wconf 89' lang='lat' dir='ltr'>pervenerunt,</span> <span class='ocrx_word' id='word_1_195' title='bbox 1196 2826 1413 2882; x_wconf 86' lang='lat' dir='ltr'>numquama</span> 
     </span>
     <span class='ocr_line' id='line_1_25' title="bbox 184 2907 1413 2981; baseline 0 -17"><span class='ocrx_word' id='word_1_196' title='bbox 184 2907 321 2981; x_wconf 90' lang='lat' dir='ltr'>posteris</span> <span class='ocrx_word' id='word_1_197' title='bbox 352 2907 533 2966; x_wconf 90' lang='lat' dir='ltr'>Simonidea</span> <span class='ocrx_word' id='word_1_198' title='bbox 562 2908 734 2966; x_wconf 88' lang='lat' dir='ltr'>auctoritas</span> <span class='ocrx_word' id='word_1_199' title='bbox 759 2910 807 2966; x_wconf 89' lang='lat' dir='ltr'>est</span> <span class='ocrx_word' id='word_1_200' title='bbox 827 2923 962 2966; x_wconf 88' lang='lat' dir='ltr'>annexa.</span> <span class='ocrx_word' id='word_1_201' title='bbox 998 2907 1045 2964; x_wconf 86' lang='lat' dir='ltr'>Ea</span> <span class='ocrx_word' id='word_1_202' title='bbox 1066 2907 1105 2964; x_wconf 93' lang='lat' dir='ltr'>de</span> <span class='ocrx_word' id='word_1_203' title='bbox 1126 2923 1223 2964; x_wconf 90' lang='lat' dir='ltr'>causa</span> <span class='ocrx_word' id='word_1_204' title='bbox 1244 2907 1327 2965; x_wconf 90' lang='lat' dir='ltr'>intra</span> <span class='ocrx_word' id='word_1_205' title='bbox 1350 2907 1413 2965; x_wconf 93' lang='lat' dir='ltr'>dis-</span> 
     </span>
     <span class='ocr_line' id='line_1_26' title="bbox 183 3003 1412 3079; baseline 0 -17"><span class='ocrx_word' id='word_1_206' title='bbox 183 3005 389 3079; x_wconf 90' lang='lat' dir='ltr'>quisitionem</span> <span class='ocrx_word' id='word_1_207' title='bbox 418 3008 561 3066; x_wconf 92' lang='lat' dir='ltr'>nostram</span> <span class='ocrx_word' id='word_1_208' title='bbox 588 3006 763 3065; x_wconf 90' lang='lat' dir='ltr'>trahendae</span> <span class='ocrx_word' id='word_1_209' title='bbox 792 3008 867 3064; x_wconf 89' lang='lat' dir='ltr'>sunt</span> <span class='ocrx_word' id='word_1_210' title='bbox 895 3005 1118 3079; x_wconf 89' lang='lat' dir='ltr'>inscriptiones</span> <span class='ocrx_word' id='word_1_211' title='bbox 1140 3005 1288 3062; x_wconf 89' lang='lat' dir='ltr'>metricae</span> <span class='ocrx_word' id='word_1_212' title='bbox 1311 3003 1412 3063; x_wconf 90' lang='lat' dir='ltr'>Simo·</span> 
     </span>
     <span class='ocr_line' id='line_1_27' title="bbox 184 3103 414 3162; baseline 0 0"><span class='ocrx_word' id='word_1_213' title='bbox 184 3103 268 3162; x_wconf 88' lang='lat' dir='ltr'>nidis</span> <span class='ocrx_word' id='word_1_214' title='bbox 290 3105 414 3162; x_wconf 89' lang='lat' dir='ltr'>aetatis.</span> 
     </span>
    </p>

    <p class='ocr_par' dir='ltr' id='par_1_5' title="bbox 170 3201 1414 4748">
     <span class='ocr_line' id='line_1_28' title="bbox 223 3201 1412 3277; baseline 0 -17"><span class='ocrx_word' id='word_1_215' title='bbox 223 3201 383 3270; x_wconf 82' lang='lat' dir='ltr'>Quoniam</span> <span class='ocrx_word' id='word_1_216' title='bbox 418 3202 647 3277; x_wconf 89' lang='lat' dir='ltr'>epigrammata</span> <span class='ocrx_word' id='word_1_217' title='bbox 682 3219 700 3260; x_wconf 89' lang='lat' dir='ltr'>a</span> <span class='ocrx_word' id='word_1_218' title='bbox 738 3201 900 3260; x_wconf 90' lang='lat' dir='ltr'>Simonide</span> <span class='ocrx_word' id='word_1_219' title='bbox 934 3201 1004 3276; x_wconf 90' lang='lat' dir='ltr'>ipso</span> <span class='ocrx_word' id='word_1_220' title='bbox 1034 3201 1180 3276; x_wconf 90' lang='lat' dir='ltr'>condite,</span> <span class='ocrx_word' id='word_1_221' title='bbox 1219 3203 1245 3260; x_wconf 91' lang='lat' dir='ltr'>si</span> <span class='ocrx_word' id='word_1_222' title='bbox 1276 3219 1340 3277; x_wconf 91' lang='lat' dir='ltr'>qua</span> <span class='ocrx_word' id='word_1_223' title='bbox 1372 3202 1412 3260; x_wconf 89' lang='lat' dir='ltr'>ad</span> 
     </span>
     <span class='ocr_line' id='line_1_29' title="bbox 184 3299 1409 3375; baseline 0.002 -19"><span class='ocrx_word' id='word_1_224' title='bbox 184 3302 330 3374; x_wconf 90' lang='lat' dir='ltr'>posteros</span> <span class='ocrx_word' id='word_1_225' title='bbox 361 3300 581 3375; x_wconf 81' lang='lat' dir='ltr'>pervenerint,</span> <span class='ocrx_word' id='word_1_226' title='bbox 615 3300 744 3358; x_wconf 90' lang='lat' dir='ltr'>nonnisi</span> <span class='ocrx_word' id='word_1_227' title='bbox 776 3317 936 3375; x_wconf 91' lang='lat' dir='ltr'>anonyma</span> <span class='ocrx_word' id='word_1_228' title='bbox 967 3300 1050 3359; x_wconf 90' lang='lat' dir='ltr'>tradi</span> <span class='ocrx_word' id='word_1_229' title='bbox 1083 3299 1225 3374; x_wconf 89' lang='lat' dir='ltr'>potuisse</span> <span class='ocrx_word' id='word_1_230' title='bbox 1254 3301 1409 3375; x_wconf 77' lang='lat' dir='ltr'>vidimuS,</span> 
     </span>
     <span class='ocr_line' id='line_1_30' title="bbox 183 3396 1413 3474; baseline 0.001 -19"><span class='ocrx_word' id='word_1_231' title='bbox 183 3401 317 3472; x_wconf 89' lang='lat' dir='ltr'>apparet</span> <span class='ocrx_word' id='word_1_232' title='bbox 348 3399 570 3473; x_wconf 76' lang='lat' dir='ltr'>quaestioneS,</span> <span class='ocrx_word' id='word_1_233' title='bbox 608 3415 691 3472; x_wconf 91' lang='lat' dir='ltr'>quae</span> <span class='ocrx_word' id='word_1_234' title='bbox 721 3398 786 3456; x_wconf 92' lang='lat' dir='ltr'>sint</span> <span class='ocrx_word' id='word_1_235' title='bbox 817 3397 856 3456; x_wconf 91' lang='lat' dir='ltr'>de</span> <span class='ocrx_word' id='word_1_236' title='bbox 889 3398 1052 3456; x_wconf 89' lang='lat' dir='ltr'>Simonide</span> <span class='ocrx_word' id='word_1_237' title='bbox 1080 3396 1342 3474; x_wconf 81' lang='lat' dir='ltr'>¹epigrammatico</span> <span class='ocrx_word' id='word_1_238' title='bbox 1374 3398 1413 3456; x_wconf 92' lang='lat' dir='ltr'>de</span> 
     </span>
     <span class='ocr_line' id='line_1_31' title="bbox 183 3495 1412 3580; baseline 0 -26"><span class='ocrx_word' id='word_1_239' title='bbox 183 3496 318 3580; x_wconf 86' lang='lat' dir='ltr'>eiusque</span> <span class='ocrx_word' id='word_1_240' title='bbox 346 3513 477 3571; x_wconf 89' lang='lat' dir='ltr'>poeseos</span> <span class='ocrx_word' id='word_1_241' title='bbox 505 3496 783 3571; x_wconf 89' lang='lat' dir='ltr'>epigrammaticae</span> <span class='ocrx_word' id='word_1_242' title='bbox 809 3495 914 3554; x_wconf 90' lang='lat' dir='ltr'>indole</span> <span class='ocrx_word' id='word_1_243' title='bbox 942 3498 1038 3569; x_wconf 90' lang='lat' dir='ltr'>atque</span> <span class='ocrx_word' id='word_1_244' title='bbox 1059 3495 1091 3554; x_wconf 92' lang='lat' dir='ltr'>in</span> <span class='ocrx_word' id='word_1_245' title='bbox 1114 3496 1234 3555; x_wconf 89' lang='lat' dir='ltr'>Graeca</span> <span class='ocrx_word' id='word_1_246' title='bbox 1256 3497 1412 3571; x_wconf 87' lang='lat' dir='ltr'>epigram·</span> 
     </span>
     <span class='ocr_line' id='line_1_32' title="bbox 184 3593 1412 3670; baseline -0.002 -18"><span class='ocrx_word' id='word_1_247' title='bbox 184 3595 298 3654; x_wconf 90' lang='lat' dir='ltr'>matioa</span> <span class='ocrx_word' id='word_1_248' title='bbox 319 3595 407 3670; x_wconf 93' lang='lat' dir='ltr'>poesi</span> <span class='ocrx_word' id='word_1_249' title='bbox 429 3594 614 3653; x_wconf 88' lang='lat' dir='ltr'>auctoritate</span> <span class='ocrx_word' id='word_1_250' title='bbox 635 3611 763 3668; x_wconf 93' lang='lat' dir='ltr'>usuque</span> <span class='ocrx_word' id='word_1_251' title='bbox 783 3627 823 3636; x_wconf 93' lang='lat'>—</span> <span class='ocrx_word' id='word_1_252' title='bbox 845 3611 919 3652; x_wconf 88' lang='lat' dir='ltr'>narn</span> <span class='ocrx_word' id='word_1_253' title='bbox 941 3595 1035 3652; x_wconf 88' lang='lat' dir='ltr'>etiam</span> <span class='ocrx_word' id='word_1_254' title='bbox 1057 3594 1096 3652; x_wconf 90' lang='lat' dir='ltr'>de</span> <span class='ocrx_word' id='word_1_255' title='bbox 1117 3594 1155 3651; x_wconf 91' lang='lat' dir='ltr'>iis</span> <span class='ocrx_word' id='word_1_256' title='bbox 1177 3593 1314 3667; x_wconf 89' lang='lat' dir='ltr'>denique</span> <span class='ocrx_word' id='word_1_257' title='bbox 1333 3593 1412 3651; x_wconf 92' lang='lat' dir='ltr'>iudi-</span> 
     </span>
     <span class='ocr_line' id='line_1_33' title="bbox 183 3691 1413 3767; baseline -0.002 -15"><span class='ocrx_word' id='word_1_258' title='bbox 183 3695 266 3752; x_wconf 90' lang='lat' dir='ltr'>cium</span> <span class='ocrx_word' id='word_1_259' title='bbox 296 3693 464 3752; x_wconf 89' lang='lat' dir='ltr'>ferendum</span> <span class='ocrx_word' id='word_1_260' title='bbox 491 3693 551 3751; x_wconf 93' lang='lat' dir='ltr'>erit</span> <span class='ocrx_word' id='word_1_261' title='bbox 579 3727 616 3734; x_wconf 80' lang='grc'>-</span> <span class='ocrx_word' id='word_1_262' title='bbox 645 3693 740 3767; x_wconf 90' lang='lat' dir='ltr'>plane</span> <span class='ocrx_word' id='word_1_263' title='bbox 767 3709 838 3750; x_wconf 89' lang='lat' dir='ltr'>esse</span> <span class='ocrx_word' id='word_1_264' title='bbox 865 3691 1060 3751; x_wconf 84' lang='lat' dir='ltr'>divellendae</span> <span class='ocrx_word' id='word_1_265' title='bbox 1082 3695 1112 3750; x_wconf 91' lang='lat' dir='ltr'>et</span> <span class='ocrx_word' id='word_1_266' title='bbox 1133 3691 1174 3750; x_wconf 92' lang='lat' dir='ltr'>ab</span> <span class='ocrx_word' id='word_1_267' title='bbox 1195 3691 1413 3750; x_wconf 88' lang='lat' dir='ltr'>aestimatione</span> 
     </span>
     <span class='ocr_line' id='line_1_34' title="bbox 183 3789 1411 3866; baseline -0.002 -17"><span class='ocrx_word' id='word_1_268' title='bbox 183 3792 450 3866; x_wconf 90' lang='lat' dir='ltr'>epigrammatum</span> <span class='ocrx_word' id='word_1_269' title='bbox 472 3793 581 3865; x_wconf 87' lang='lat' dir='ltr'>postea</span> <span class='ocrx_word' id='word_1_270' title='bbox 602 3791 634 3848; x_wconf 90' lang='lat' dir='ltr'>in</span> <span class='ocrx_word' id='word_1_271' title='bbox 656 3789 785 3865; x_wconf 91' lang='lat' dir='ltr'>Sylloge</span> <span class='ocrx_word' id='word_1_272' title='bbox 805 3789 985 3848; x_wconf 90' lang='lat' dir='ltr'>Simonidea</span> <span class='ocrx_word' id='word_1_273' title='bbox 1003 3793 1100 3863; x_wconf 87' lang='lat' dir='ltr'>atque</span> <span class='ocrx_word' id='word_1_274' title='bbox 1117 3789 1149 3847; x_wconf 91' lang='lat' dir='ltr'>in</span> <span class='ocrx_word' id='word_1_275' title='bbox 1168 3790 1237 3848; x_wconf 87' lang='lat' dir='ltr'>eius</span> <span class='ocrx_word' id='word_1_276' title='bbox 1255 3789 1411 3864; x_wconf 87' lang='lat' dir='ltr'>excerptis</span> 
     </span>
     <span class='ocr_line' id='line_1_35' title="bbox 184 3887 1412 3963; baseline -0.002 -16"><span class='ocrx_word' id='word_1_277' title='bbox 184 3892 294 3963; x_wconf 90' lang='lat' dir='ltr'>poetae</span> <span class='ocrx_word' id='word_1_278' title='bbox 321 3888 575 3947; x_wconf 87' lang='lat' dir='ltr'>adiudicatorum</span> <span class='ocrx_word' id='word_1_279' title='bbox 603 3891 633 3946; x_wconf 93' lang='lat' dir='ltr'>et</span> <span class='ocrx_word' id='word_1_280' title='bbox 661 3889 701 3947; x_wconf 90' lang='lat' dir='ltr'>ab</span> <span class='ocrx_word' id='word_1_281' title='bbox 729 3888 933 3962; x_wconf 86' lang='lat' dir='ltr'>auctoritate,</span> <span class='ocrx_word' id='word_1_282' title='bbox 963 3904 1027 3962; x_wconf 93' lang='lat' dir='ltr'>qua</span> <span class='ocrx_word' id='word_1_283' title='bbox 1057 3887 1184 3962; x_wconf 89' lang='lat' dir='ltr'>Sylloge</span> <span class='ocrx_word' id='word_1_284' title='bbox 1212 3887 1315 3945; x_wconf 88' lang='lat' dir='ltr'>fructa</span> <span class='ocrx_word' id='word_1_285' title='bbox 1342 3903 1412 3944; x_wconf 90' lang='lat' dir='ltr'>esse</span> 
     </span>
     <span class='ocr_line' id='line_1_36' title="bbox 184 3983 1412 4062; baseline -0.001 -18"><span class='ocrx_word' id='word_1_286' title='bbox 184 3987 340 4046; x_wconf 88' lang='lat' dir='ltr'>videatur.</span> <span class='ocrx_word' id='word_1_287' title='bbox 376 3986 446 4054; x_wconf 86' lang='lat' dir='ltr'>Qua</span> <span class='ocrx_word' id='word_1_288' title='bbox 468 3986 507 4044; x_wconf 93' lang='lat' dir='ltr'>de</span> <span class='ocrx_word' id='word_1_289' title='bbox 528 4003 624 4045; x_wconf 89' lang='lat' dir='ltr'>causa</span> <span class='ocrx_word' id='word_1_290' title='bbox 646 4003 719 4044; x_wconf 87' lang='lat' dir='ltr'>cum</span> <span class='ocrx_word' id='word_1_291' title='bbox 742 3986 918 4044; x_wconf 91' lang='lat' dir='ltr'>Kaibelium</span> <span class='ocrx_word' id='word_1_292' title='bbox 942 3983 976 4062; x_wconf 59' lang='grc' dir='ltr'>(ξ</span> <span class='ocrx_word' id='word_1_293' title='bbox 999 3983 1051 4060; x_wconf 81' lang='grc'>21)</span> <span class='ocrx_word' id='word_1_294' title='bbox 1075 3984 1412 4058; x_wconf 88' lang='lat' dir='ltr'>Wilamowitziumque</span> 
     </span>
     <span class='ocr_line' id='line_1_37' title="bbox 170 4081 1408 4159; baseline -0.001 -17"><span class='ocrx_word' id='word_1_295' title='bbox 170 4081 220 4159; x_wconf 50' lang='grc' dir='ltr'>,ᾧ</span> <span class='ocrx_word' id='word_1_296' title='bbox 242 4084 279 4142; x_wconf 83' lang='lat'>21</span> <span class='ocrx_word' id='word_1_297' title='bbox 310 4087 340 4142; x_wconf 90' lang='lat' dir='ltr'>et</span> <span class='ocrx_word' id='word_1_298' title='bbox 367 4101 443 4143; x_wconf 90' lang='lat' dir='ltr'>ann.</span> <span class='ocrx_word' id='word_1_299' title='bbox 468 4082 600 4159; x_wconf 80' lang='lat'><strong>55—57)</strong></span> <span class='ocrx_word' id='word_1_300' title='bbox 630 4101 755 4143; x_wconf 90' lang='lat' dir='ltr'>errasse</span> <span class='ocrx_word' id='word_1_301' title='bbox 784 4085 877 4159; x_wconf 86' lang='lat' dir='ltr'>puto,</span> <span class='ocrx_word' id='word_1_302' title='bbox 908 4083 980 4158; x_wconf 91' lang='lat' dir='ltr'>qui,</span> <span class='ocrx_word' id='word_1_303' title='bbox 1012 4100 1084 4141; x_wconf 94' lang='lat' dir='ltr'>cum</span> <span class='ocrx_word' id='word_1_304' title='bbox 1113 4083 1218 4141; x_wconf 89' lang='lat' dir='ltr'>omnia</span> <span class='ocrx_word' id='word_1_305' title='bbox 1247 4082 1313 4141; x_wconf 89' lang='lat' dir='ltr'>fere</span> <span class='ocrx_word' id='word_1_306' title='bbox 1338 4100 1408 4156; x_wconf 89' lang='lat' dir='ltr'>epp.</span> 
     </span>
     <span class='ocr_line' id='line_1_38' title="bbox 187 4181 1412 4255; baseline 0 -16"><span class='ocrx_word' id='word_1_307' title='bbox 187 4181 369 4240; x_wconf 89' lang='lat' dir='ltr'>Simonidea</span> <span class='ocrx_word' id='word_1_308' title='bbox 400 4199 418 4240; x_wconf 90' lang='lat' dir='ltr'>a</span> <span class='ocrx_word' id='word_1_309' title='bbox 452 4181 614 4241; x_wconf 89' lang='lat' dir='ltr'>Simonide</span> <span class='ocrx_word' id='word_1_310' title='bbox 642 4182 743 4240; x_wconf 90' lang='lat' dir='ltr'>aliena</span> <span class='ocrx_word' id='word_1_311' title='bbox 772 4199 844 4240; x_wconf 89' lang='lat' dir='ltr'>esse</span> <span class='ocrx_word' id='word_1_312' title='bbox 871 4181 1031 4255; x_wconf 88' lang='lat' dir='ltr'>viderent,</span> <span class='ocrx_word' id='word_1_313' title='bbox 1066 4181 1253 4255; x_wconf 91' lang='lat' dir='ltr'>negaverint</span> <span class='ocrx_word' id='word_1_314' title='bbox 1281 4197 1353 4238; x_wconf 91' lang='lat' dir='ltr'>eum</span> <span class='ocrx_word' id='word_1_315' title='bbox 1382 4184 1412 4239; x_wconf 90' lang='lat' dir='ltr'>et</span> 
     </span>
     <span class='ocr_line' id='line_1_39' title="bbox 186 4278 1413 4356; baseline -0.002 -19"><span class='ocrx_word' id='word_1_316' title='bbox 186 4280 360 4355; x_wconf 90' lang='lat' dir='ltr'>prinoipem</span> <span class='ocrx_word' id='word_1_317' title='bbox 382 4282 506 4354; x_wconf 91' lang='lat' dir='ltr'>poetam</span> <span class='ocrx_word' id='word_1_318' title='bbox 526 4280 822 4356; x_wconf 88' lang='lat' dir='ltr'>epigrammaticum</span> <span class='ocrx_word' id='word_1_319' title='bbox 844 4279 945 4337; x_wconf 85' lang='lat' dir='ltr'>fuisse</span> <span class='ocrx_word' id='word_1_320' title='bbox 966 4281 996 4338; x_wconf 92' lang='lat' dir='ltr'>et</span> <span class='ocrx_word' id='word_1_321' title='bbox 1015 4295 1141 4336; x_wconf 89' lang='lat' dir='ltr'>summa</span> <span class='ocrx_word' id='word_1_322' title='bbox 1159 4278 1244 4352; x_wconf 91' lang='lat' dir='ltr'>apud</span> <span class='ocrx_word' id='word_1_323' title='bbox 1264 4279 1413 4352; x_wconf 90' lang='lat' dir='ltr'>aequales</span> 
     </span>
     <span class='ocr_line' id='line_1_40' title="bbox 185 4376 1414 4453; baseline 0 -19"><span class='ocrx_word' id='word_1_324' title='bbox 185 4377 334 4436; x_wconf 84' lang='lat' dir='ltr'>floruisse</span> <span class='ocrx_word' id='word_1_325' title='bbox 365 4377 482 4453; x_wconf 90' lang='lat' dir='ltr'>gloria,</span> <span class='ocrx_word' id='word_1_326' title='bbox 507 4395 614 4452; x_wconf 49' lang='lat' dir='ltr'>¹quam</span> <span class='ocrx_word' id='word_1_327' title='bbox 643 4378 855 4452; x_wconf 91' lang='lat' dir='ltr'>posteriorum</span> <span class='ocrx_word' id='word_1_328' title='bbox 885 4377 1013 4437; x_wconf 91' lang='lat' dir='ltr'>demum</span> <span class='ocrx_word' id='word_1_329' title='bbox 1042 4376 1209 4436; x_wconf 91' lang='lat' dir='ltr'>hominum</span> <span class='ocrx_word' id='word_1_330' title='bbox 1237 4376 1351 4434; x_wconf 87' lang='lat' dir='ltr'>fraude</span> <span class='ocrx_word' id='word_1_331' title='bbox 1377 4394 1414 4434; x_wconf 89' lang='lat' dir='ltr'>ao</span> 
     </span>
     <span class='ocr_line' id='line_1_41' title="bbox 185 4472 1414 4552; baseline -0.002 -19"><span class='ocrx_word' id='word_1_332' title='bbox 185 4476 370 4534; x_wconf 89' lang='lat' dir='ltr'>credulitate</span> <span class='ocrx_word' id='word_1_333' title='bbox 398 4478 534 4535; x_wconf 90' lang='lat' dir='ltr'>nanctus</span> <span class='ocrx_word' id='word_1_334' title='bbox 555 4479 655 4551; x_wconf 88' lang='lat' dir='ltr'>esset,</span> <span class='ocrx_word' id='word_1_335' title='bbox 687 4479 755 4534; x_wconf 91' lang='lat' dir='ltr'>tum</span> <span class='ocrx_word' id='word_1_336' title='bbox 778 4476 1060 4536; x_wconf 88' lang='lat' dir='ltr'>Reitzensteinium</span> <span class='ocrx_word' id='word_1_337' title='bbox 1083 4473 1117 4552; x_wconf 64' lang='grc' dir='ltr'>(ξ</span> <span class='ocrx_word' id='word_1_338' title='bbox 1144 4474 1199 4532; x_wconf 86' lang='grc'>123</span> <span class='ocrx_word' id='word_1_339' title='bbox 1221 4472 1327 4549; x_wconf 82' lang='lat' dir='ltr'>sqq),</span> <span class='ocrx_word' id='word_1_340' title='bbox 1359 4475 1414 4547; x_wconf 91' lang='lat' dir='ltr'>qui</span> 
     </span>
     <span class='ocr_line' id='line_1_42' title="bbox 187 4571 1414 4649; baseline -0.002 -17"><span class='ocrx_word' id='word_1_341' title='bbox 187 4576 292 4647; x_wconf 88' lang='lat' dir='ltr'>poetas</span> <span class='ocrx_word' id='word_1_342' title='bbox 310 4573 587 4648; x_wconf 89' lang='lat' dir='ltr'>epigrammatioos</span> <span class='ocrx_word' id='word_1_343' title='bbox 606 4574 853 4649; x_wconf 84' lang='lat' dir='ltr'>Alexandrinos,</span> <span class='ocrx_word' id='word_1_344' title='bbox 875 4574 1163 4649; x_wconf 89' lang='lat' dir='ltr'>Peloponnesiacae</span> <span class='ocrx_word' id='word_1_345' title='bbox 1182 4571 1314 4630; x_wconf 91' lang='lat' dir='ltr'>Scholae</span> <span class='ocrx_word' id='word_1_346' title='bbox 1330 4589 1414 4630; x_wconf 90' lang='lat' dir='ltr'>asse-</span> 
     </span>
     <span class='ocr_line' id='line_1_43' title="bbox 186 4669 1414 4748; baseline -0.002 -19"><span class='ocrx_word' id='word_1_347' title='bbox 186 4673 248 4732; x_wconf 90' lang='lat' dir='ltr'>clas</span> <span class='ocrx_word' id='word_1_348' title='bbox 269 4676 346 4733; x_wconf 88' lang='lat' dir='ltr'>ante</span> <span class='ocrx_word' id='word_1_349' title='bbox 366 4689 494 4747; x_wconf 77' lang='lat' dir='ltr'>omneS,</span> <span class='ocrx_word' id='word_1_350' title='bbox 526 4690 607 4746; x_wconf 89' lang='lat' dir='ltr'>quos</span> <span class='ocrx_word' id='word_1_351' title='bbox 631 4672 832 4730; x_wconf 88' lang='lat' dir='ltr'>Simonideae</span> <span class='ocrx_word' id='word_1_352' title='bbox 855 4670 1001 4748; x_wconf 89' lang='lat' dir='ltr'>Sylloges</span> <span class='ocrx_word' id='word_1_353' title='bbox 1024 4672 1253 4747; x_wconf 87' lang='lat' dir='ltr'>epigrammata</span> <span class='ocrx_word' id='word_1_354' title='bbox 1275 4669 1414 4728; x_wconf 88' lang='lat' dir='ltr'>imitatos</span> 
     </span>
    </p>
   </div>
   <div class='ocr_carea' id='block_1_3' title="bbox 186 4768 1411 4914">
    <p class='ocr_par' dir='ltr' id='par_1_6' title="bbox 186 4768 1411 4914">
     <span class='ocr_line' id='line_1_44' title="bbox 186 4768 1411 4846; baseline -0.002 -18"><span class='ocrx_word' id='word_1_355' title='bbox 186 4788 253 4830; x_wconf 90' lang='lat' dir='ltr'>esse</span> <span class='ocrx_word' id='word_1_356' title='bbox 273 4805 311 4814; x_wconf 88' lang='lat'>—-</span> <span class='ocrx_word' id='word_1_357' title='bbox 336 4773 433 4845; x_wconf 91' lang='lat' dir='ltr'>atque</span> <span class='ocrx_word' id='word_1_358' title='bbox 453 4770 483 4828; x_wconf 92' lang='lat' dir='ltr'>id</span> <span class='ocrx_word' id='word_1_359' title='bbox 506 4769 621 4830; x_wconf 90' lang='lat' dir='ltr'>iniuria</span> <span class='ocrx_word' id='word_1_360' title='bbox 643 4802 682 4811; x_wconf 96' lang='lat'>-</span> <span class='ocrx_word' id='word_1_361' title='bbox 703 4773 845 4846; x_wconf 89' lang='lat' dir='ltr'>putaret,</span> <span class='ocrx_word' id='word_1_362' title='bbox 871 4787 888 4827; x_wconf 93' lang='lat' dir='ltr'>a</span> <span class='ocrx_word' id='word_1_363' title='bbox 913 4769 1077 4829; x_wconf 92' lang='lat' dir='ltr'>Simonide</span> <span class='ocrx_word' id='word_1_364' title='bbox 1095 4768 1233 4844; x_wconf 89' lang='lat' dir='ltr'>pendere</span> <span class='ocrx_word' id='word_1_365' title='bbox 1252 4771 1342 4826; x_wconf 88' lang='lat' dir='ltr'>ratus</span> <span class='ocrx_word' id='word_1_366' title='bbox 1362 4768 1411 4825; x_wconf 90' lang='lat' dir='ltr'>sit.</span> 
     </span>
     <span class='ocr_line' id='line_1_45' title="bbox 1298 4864 1315 4914; baseline 0 0"><span class='ocrx_word' id='word_1_367' title='bbox 1298 4864 1315 4914; x_wconf 90' lang='lat'><strong>3</strong></span> 
     </span>
    </p>
   </div>
   <div class='ocr_carea' id='block_1_4' title="bbox 0 0 1778 5724">
    <p class='ocr_par' dir='ltr' id='par_1_7' title="bbox 0 0 1778 5724">
     <span class='ocr_line' id='line_1_46' title="bbox 0 0 1778 5724; baseline 0 0"><span class='ocrx_word' id='word_1_368' title='bbox 0 0 1778 5724; x_wconf 95' lang='lat' dir='ltr'> </span> 
     </span>
    </p>
   </div>
  </div>
 </body>
</html>
