3516 5712
373 513 448 596 Cap.
473 512 541 595 ΙΙΙ,
566 515 594 578 9.
964 510 1003 574 98

371 707 499 767 traditio
529 705 550 766 S
575 704 628 782 (ct.
655 703 674 782 §
696 702 767 781 60),
798 704 885 780 apud
908 702 1118 762 Scholiastam
1139 701 1369 778 adiungeretur
1390 701 1556 764 traditioni
1577 705 1602 763 Α

373 804 479 881 (eique
498 803 554 880 A’,
579 804 618 863 ci.
641 800 746 878 ibid).

414 903 610 962 Scholiastae
634 899 831 975 temporibus
852 916 900 973 ep.
927 897 982 957 101
1004 897 1037 957 in
1060 898 1185 958 Corona
1207 899 1384 975 Meleagrea
1405 900 1601 961 instructum

371 1018 442 1060 esse
463 1001 588 1059 videtur
612 997 785 1058 Simonidis
807 996 951 1071 nomine,
982 1013 1046 1070 quo
1067 998 1188 1055 careret
1209 996 1242 1054 in
1265 997 1455 1074 Anthologia
1479 998 1601 1073 Cepha·

371 1100 445 1158 lana
477 1096 553 1174 (AP.
587 1092 706 1174 ἄδηλον
736 1119 776 1142 ==
805 1093 879 1151 APl.
919 1090 1109 1168 ἀδέσποτον,
1150 1093 1190 1152 et.
1228 1090 1247 1170 ἓ
1282 1092 1399 1169 107,3).
1438 1095 1520 1154 Cum
1549 1113 1598 1170 ep.

372 1198 491 1271 spectet
511 1196 628 1255 bellum
650 1193 806 1252 Medicum
828 1195 925 1266 atque
945 1192 978 1249 in
999 1191 1061 1250 ΑΡ.
1086 1192 1210 1267 legatur
1231 1192 1264 1250 in
1286 1193 1398 1251 ordine
1417 1192 1601 1253 Simonideo

374 1291 409 1370 (ᾖ
443 1292 535 1368 101),
572 1292 692 1351 babere
721 1291 820 1367 igitur
852 1290 998 1349 videmur
1028 1289 1245 1365 epigramma,
1281 1290 1367 1365 quod
1399 1309 1438 1350 ex
1472 1291 1602 1369 Sylloge

375 1392 556 1451 Simonidea
585 1391 617 1449 in
647 1390 805 1450 Coronam
833 1390 1045 1464 propagatum
1066 1391 1138 1463 post
1160 1388 1357 1464 Meleagrum
1380 1389 1601 1450 Simonideum

372 1491 499 1550 titulum
521 1489 712 1562 nescioquo
733 1504 842 1546 errore
863 1486 978 1545 amisit.

412 1589 590 1648 Auctoritas
614 1586 813 1660 Simonidea,
837 1601 920 1658 quae
940 1585 1161 1660 epigrammati
1184 1583 1239 1642 101
1263 1585 1399 1644 adicitur
1420 1603 1451 1661 p.
1470 1587 1509 1645 52
1525 1588 1577 1645 Fr.
1589 1632 1597 1662 ,

372 1688 459 1746 deest
490 1687 589 1746 altero
620 1685 688 1743 loco
719 1701 749 1758 p.
784 1682 839 1757 58,
873 1681 930 1740 ubi
960 1682 1157 1757 epigramma
1189 1699 1318 1756 quoque
1348 1683 1387 1743 97
1417 1683 1600 1744 Simonideo

373 1785 500 1844 nomine
521 1783 708 1842 destitutum
726 1780 858 1855 legitur,
883 1796 947 1853 quo
962 1780 1141 1854 praeditum
1156 1780 1370 1855 praebebatur
1384 1781 1417 1840 in
1434 1782 1505 1840 Mel.
1525 1782 1596 1842 Cor.

374 1882 449 1959 (ΑΡ.
480 1883 551 1942 Vll.
583 1878 667 1956 250).
699 1879 737 1937 Id
759 1878 975 1953 neglegentiae
998 1876 1193 1938 Scholiastae
1213 1879 1438 1953 imputandum
1462 1881 1597 1940 videtur.

371 1982 474 2040 Verba
496 1981 580 2040 enim
602 1979 697 2038 haece
717 1975 880 2051 praemisit
901 1974 1077 2034 Scholiasta
1095 1976 1335 2052 epigrammatis
1353 1977 1391 2036 97
1409 1979 1440 2036 et
1459 1978 1532 2037 101:
1555 1976 1600 2038 ὅτι

373 2078 422 2140 δεῖ
438 2082 501 2139 τῶν
521 2074 698 2156 βαρβάρων
718 2076 929 2150 καταφρονεῖν
952 2072 1006 2148 (ad
1027 2074 1142 2133 lemma
1162 2072 1435 2153 παραδείγματος,
1461 2077 1596 2136 Ρ1111111.

371 2179 429 2238 204
452 2176 505 2253 1).)
521 2175 579 2252 22),
603 2189 686 2248 quae
707 2171 802 2246 petita
825 2169 902 2228 mihi
924 2169 1073 2229 videntur
1086 2188 1126 2230 ex
1139 2172 1238 2231 buius
1252 2172 1312 2232 loci
1327 2173 1367 2232 de
1381 2174 1459 2232 Iove
1473 2173 1600 2233 Libera·

371 2279 440 2335 tore
459 2276 527 2334 loeo
543 2268 718 2350 parallelo
740 2269 779 2327 de
799 2269 843 2327 IV
865 2268 942 2325 viris
964 2267 1022 2327 240
1044 2270 1098 2328 Ι).;
1121 2267 1227 2348 ἐπειδὴ
1251 2267 1311 2348 γὰρ
1332 2268 1475 2349 ήἙίίάς
1488 2270 1601 2350 ἑαυτῆς

372 2372 491 2451 ἐγένετο
519 2369 572 2430 καὶ
596 2366 696 2428 πάντα
718 2362 938 2445 ἕξεχωρήκει.
965 2410 971 2424 .
998 2411 1004 2424 .
1031 2411 1037 2425 .
1062 2364 1177 2446 βωμὸς
1193 2365 1395 2446 Ἐλευθερίου
1417 2364 1492 2434 Διὸς
1513 2367 1601 2447 αὐτῷ

372 2492 402 2529 τε
429 2468 500 2547 θεῷ
527 2465 727 2548 χαριστήριον
755 2462 808 2524 καὶ
835 2467 897 2530 τοῖς
924 2463 1150 2542 κατορθώσασι
1170 2470 1326 2545 μνημεῖον
1347 2465 1397 2526 ἐπ’
1425 2464 1600 2527 αὐτοῦτοῦ

373 2566 471 2627 τόπου
493 2568 556 2626 τῶν
576 2564 681 2642 ἔργων
701 2560 835 2640 ἐστάθη,
857 2559 967 2640 κοίνην
988 2561 1072 2640 ἔχων
1091 2562 1290 2642 παράκλησιν
1307 2564 1442 2642 (spectat
1456 2583 1505 2641 ep.
1525 2565 1597 2641 140,

372 2667 413 2726 ci.
443 2666 525 2723 Plut.
556 2664 608 2722 Ar.
635 2662 688 2738 10,
718 2679 782 2736 quo
803 2661 904 2720 utitur
926 2661 1047 2737 rhetor,
1072 2663 1112 2721 ci.
1138 2661 1158 2740 ᾗ
1181 2659 1233 2738 62)
1257 2662 1300 2730 εἴς
1320 2684 1351 2722 τε
1372 2661 1526 2740 ὁμόνοιαν
1548 2662 1600 2722 καὶ

372 2761 414 2823 τὸ
441 2765 517 2822 τῶν
550 2758 773 2838 βαρβάρων
807 2764 1093 2837 καταφρονεῖν.
1138 2762 1306 2821 Illustrarc
1340 2765 1466 2822 tantum
1500 2763 1600 2821 voluit

372 2861 499 2920 duobus
527 2858 765 2935 epigrammatis
793 2857 854 2916 illis
892 2855 1085 2941 Scholiasta,
1118 2861 1315 2935 quantopere
1342 2860 1453 2921 Graeci
1483 2861 1599 2919 Persas

372 2958 605 3034 despexissent;
642 2959 803 3016 auctorem
838 2973 903 3014 non
932 2957 1066 3015 curavit.
1098 2957 1192 3025 Quod
1220 2960 1364 3033 exemplo
1392 2958 1524 3017 allatum
1552 2960 1600 3016 est

373 3058 611 3118 Corinthiorum
633 3051 831 3131 cenotaphil
851 3054 1048 3130 epigramma
1073 3054 1155 3132 (97),
1187 3056 1261 3115 inde
1281 3056 1419 3115 fortasse
1440 3057 1599 3131 explican-

372 3157 467 3231 dum,
504 3155 590 3231 quod
621 3150 771 3230 sepulcri
800 3153 997 3228 epigramma
1026 3154 1194 3229 gemellum
1225 3153 1291 3231 (96)
1320 3155 1353 3214 in
1383 3154 1508 3214 Corona
1537 3155 1598 3213 iam

371 3254 574 3314 interciderat
596 3250 649 3328 (ci.
676 3249 720 3329 ἐξ
743 3251 797 3326 53,
823 3248 905 3326 101).

414 3351 433 3430 ξ
463 3352 511 3411 58.
557 3347 608 3410 De
641 3346 854 3410 Schollaatoe
887 3348 982 3408 fonte
1012 3346 1049 3407 τίι
1079 3366 1128 3426 cp.
1160 3348 1228 3408 129
1255 3349 1442 3411 offerendo.
1488 3350 1599 3409 Eidem

373 3451 452 3510 fonti
485 3449 571 3527 (Gor.
610 3445 696 3522 Mel.)
727 3446 838 3505 tribuit
867 3446 968 3504 Hiller
996 3464 1044 3521 ep.
1078 3447 1134 3507 129
1162 3451 1352 3524 argumento
1380 3465 1461 3508 usus
1488 3448 1597 3507 debili:

372 3549 505 3608 eandem
519 3547 559 3606 de
575 3545 747 3606 Simonidis
766 3544 890 3603 somnio
906 3544 1058 3620 tabulam,
1076 3563 1174 3620 quarn
1185 3548 1367 3622 praemittat
1377 3547 1599 3624 epigrammati

375 3647 552 3708 Scholiasta
580 3644 775 3719 Aristideus,
812 3643 846 3700 in
882 3643 987 3702 codice
1022 3645 1167 3704 Palatino
1194 3646 1416 3722 epigrammati
1444 3646 1599 3706 adiectam

372 3763 452 3805 esse.
486 3743 611 3804 Scholia
638 3742 703 3801 duo
730 3741 799 3816 1111,
830 3757 969 3814 quorum
997 3742 1211 3818 discrepantia
1240 3760 1318 3802 sane
1346 3743 1502 3802 Hillerum
1536 3760 1599 3803 non

373 3846 515 3921 fugerat,
540 3843 591 3902 hic
611 3841 725 3899 habes:

409 3943 513 4002 Schol.
537 3958 568 4016 p.
593 3940 650 4000 533
673 3940 709 3998 D.
733 3939 774 3998 ad
795 3939 848 3996 Ar.
872 3955 918 3996 or.
1016 3938 1119 3999 Schol.
1137 3958 1155 3999 a
1170 3940 1354 4000 Oorrectore
1363 3940 1396 3998 in
1408 3957 1510 4016 marg.
1526 3957 1596 4014 sup.

341 4051 345 4060 '
466 4040 506 4099 de
526 4039 570 4097 IV
591 4038 650 4096 vir.
674 4037 732 4096 215
756 4037 791 4094 D.
810 4032 861 4109 θ).
1033 4038 1148 4097 codicis
1170 4038 1305 4097 Palatini
1327 4057 1357 4114 p.
1382 4037 1440 4097 219
1463 4038 1504 4097 ad
1528 4055 1576 4112 ep.

1041 4134 1304 4213 129(=AP.V11.
1320 4138 1371 4212 77)
1384 4136 1570 4211 ascriptum.

413 4240 627 4322 ὁΣιμωνίδής
637 4238 793 4320 προσέσχε
803 4237 858 4298 τινὶ
870 4236 958 4316 τόπῳ
1052 4230 1237 4312 Σιμωνίδης
1284 4233 1389 4312 εὑρὼν
1416 4232 1531 4312 νεκρὸν
1568 4232 1600 4292 ἓν

374 4342 427 4405 καί
462 4340 612 4419 λείψανον
650 4337 755 4417 εὑρὼν
793 4335 959 4416 κοσμήσας
1013 4331 1102 4411 νήσῳ
1116 4328 1171 4391 τινὶ
1188 4329 1302 4410 θάψας
1311 4329 1510 4410 ἐπέγραψεν·
1530 4349 1595 4408 seq.

374 4442 506 4520 ἔθαψεν.
1014 4450 1063 4510 ep.
1089 4429 1165 4490 128.

406 4675 442 4734 22>
475 4672 598 4723 Scholion
616 4670 686 4733 apud
706 4668 869 4718 Diodorsrum
888 4672 995 4716 tantum
1014 4670 1084 4716 recte
1101 4666 1213 4728 legitur3
1231 4663 1301 4725 apud
1312 4662 1500 4711 Frommeliurn
1514 4677 1599 4711 errore

373 4763 528 4811 adiunctum
547 4761 587 4806 est
603 4756 701 4805 scholio
720 4754 886 4817 praecellenti
904 4753 1005 4816 proprio
1024 4752 1150 4800 lemmate
1168 4750 1271 4800 omisso.

407 4843 442 4906 23)
477 4844 514 4891 lle
533 4841 580 4889 hoc
599 4840 720 4889 Aristidis
737 4841 793 4889 loco
812 4839 861 4887 vid.
879 4835 892 4898 ἓ
910 4837 942 4886 02
960 4843 988 4886 et
1005 4834 1017 4898 ἕ
1035 4835 1092 4885 132.
