3572 5716
775 509 832 568 183
1202 509 1221 588 e
1246 510 1319 587 101,
1345 511 1413 571 101.

191 692 323 769 7-10),
358 711 442 769 quae
468 694 502 752 in
530 695 582 753 illa
611 697 728 770 pagina
755 695 921 770 leguntur,
956 696 1057 755 artius
1086 698 1342 773 coniungeretur.
1377 700 1415 757 Iu

190 791 300 865 capitis
335 790 377 859 εἰς
408 791 646 870 ναυηγήσαντας
677 793 799 868 sylloge
830 794 1004 868 posteriore
1035 795 1099 854 duo
1129 795 1278 870 deinceps
1310 797 1416 871 posuit

190 906 259 964 epp.
288 889 346 949 510
376 888 468 967 (inb.
497 890 544 950 19.
573 891 628 966 22,
662 890 800 967 Simon.)
830 893 860 950 et
888 890 946 951 513
977 889 1067 969 (inb.
1096 893 1144 952 19.
1172 893 1227 968 23,
1259 892 1412 969 Simon),

189 987 266 1046 illud
294 990 400 1048 autem
425 1006 551 1064 errore,
583 1006 658 1048 nam
681 989 819 1064 recipere
840 990 999 1049 debuitet
1020 991 1157 1050 10110330
1178 991 1277 1051 voluit
1298 993 1331 1050 in
1353 993 1415 1068 syl-

188 1086 281 1161 logen
303 1085 346 1153 εῑς
367 1084 474 1162 νέους,
498 1089 531 1144 111
553 1105 617 1162 qua
638 1088 708 1145 iure
728 1088 844 1163 legitur
865 1089 965 1164 epigr.
989 1088 1046 1149 515
1070 1088 1291 1166 1111000111,
1319 1089 1413 1168 Sim.)

188 1183 220 1242 in
241 1184 389 1243 iuvenem
411 1185 632 1260 cognominem
653 1187 749 1260 atque
769 1186 906 1244 fortasse
927 1187 1064 1246 eundern
1085 1187 1301 1246 Timarchum.
1326 1188 1416 1256 Quae

188 1280 221 1338 in
244 1280 321 1356 Syll.
345 1280 423 1340 Sim.
446 1281 579 1340 affuisse
599 1282 710 1341 monui
731 1299 802 1357 epp.
826 1283 907 1357 duo,
932 1301 968 1342 00
991 1284 1080 1342 Plan.
1101 1285 1218 1358 recepit
1239 1284 1298 1344 508
1321 1283 1412 1362 (ΠΡ).

190 1377 236 1437 14.
269 1379 322 1454 11,
357 1364 568 1455 100111ος)
602 1381 632 1438 et
660 1379 718 1438 111
749 1378 978 1456 (1110111,
1011 1379 1053 1446 εἰς
1080 1377 1258 1457 ἀνδρείους)
1289 1384 1416 1443 nomine
1534 1443 1536 1448 ,

191 1475 363 1536 Simonidis
384 1477 545 1536 destituta.
570 1477 681 1536 Cetera
703 1495 774 1553 epp.
797 1478 944 1553 neglexit.
1261 1505 1263 1510 ·

228 1575 372 1634 Primum
406 1575 603 1650 epigramma
638 1575 696 1634 507
728 1576 768 1634 ad
802 1576 1016 1650 Cephalanam
1048 1577 1161 1636 seriem
1192 1580 1320 1653 proprie
1351 1596 1415 1638 non

189 1673 349 1747 pertinuit.
386 1674 521 1733 Carmen
548 1667 775 1748 enim'legitur
800 1674 833 1732 in
855 1675 917 1732 ΑΡ.
938 1675 970 1732 10
993 1692 1095 1732 00010
1116 1675 1321 1734 coniunctum
1342 1694 1415 1734 cum

179 1771 332 1844 sequenti
363 1771 592 1845 epigrammate
623 1770 724 1829 50711
754 1803 795 1812 -
825 1772 890 1830 duo
922 1772 1057 1831 disticha
1089 1773 1154 1830 duo
1184 1773 1415 1848 epigrammata

188 1884 257 1926 esse
274 1868 402 1927 diversa
421 1869 484 1926 iam
502 1868 654 1927 intellexit
670 1868 789 1928 Jacobs
808 1869 979 1929 -lemma
998 1873 1120 1946 autem,
1141 1886 1206 1943 quo
1221 1870 1414 1930 instructum

188 1967 234 2023 est
264 1983 386 2024 novum
417 1965 555 2024 duorum
587 1965 796 2025 distichorum
827 1984 972 2042 carmen,
1006 1967 1100 2026 unice
1128 1968 1255 2041 respicit
1273 1968 1414 2045 alterius

188 2063 313 2123 distichi
341 2067 577 2140 argumentum.
613 2065 726 2139 Itaque
754 2065 919 2140 probabile
946 2069 994 2124 031
1022 2066 1153 2124 01101103
1174 2065 1413 2140 epigrammatis

188 2177 257 2220 esse
289 2163 321 2220 et
354 2163 470 2221 lemma
505 2165 535 2221 et
572 2162 791 2222 Simonideum
825 2164 973 2238 titulum,
1011 2164 1129 2238 quibus
1164 2166 1314 2223 ornatum
1344 2180 1415 2224 esse

188 2259 334 2318 videatur
360 2278 481 2319 novum
507 2278 652 2336 carmen,
681 2263 852 2336 postquam
873 2262 932 2320 hoc
953 2262 1149 2337 epigramma
1170 2264 1200 2320 et
1222 2263 1414 2336 praecedens

187 2355 333 2415 lemmate
360 2359 516 2433 tituloque
543 2377 620 2418 casu
649 2360 821 2435 nescioquo
848 2361 1011 2435 privatum
1039 2361 1072 2418 in
1100 2379 1202 2419 unum
1227 2359 1411 2419 coaluerint.

187 2454 279 2522 Quod
301 2457 493 2516 confirmare
513 2458 639 2516 videtur
660 2459 837 2533 PlanudeS,
862 2459 918 2532 qui
939 2459 1030 2533 prius
1051 2460 1176 2518 tantum
1194 2459 1309 2533 recepit
1326 2458 1414 2516 disti-

188 2553 268 2612 chon
296 2557 333 2612 01
362 2572 490 2614 00101011
518 2556 677 2631 peculiare
698 2573 802 2631 neque
822 2556 855 2614 id
879 2556 1051 2616 Simonidis
1072 2557 1164 2616 titulo
1184 2557 1336 2617 instruxit
1358 2557 1414 2614 sed

188 2651 367 2710 Alexandri.
391 2653 462 2712 Non
484 2653 580 2712 huius
601 2655 729 2713 1001031
751 2672 920 2730 quaerere,
946 2672 1022 2713 num
1039 2672 1149 2714 revera
1164 2672 1292 2714 carmen
1307 2655 1414 2713 Aetolo

188 2749 354 2826 debeatur,
383 2751 439 2809 sed
465 2752 524 2810 hoc
550 2754 697 2811 constare
717 2755 794 2826 puto
816 2752 952 2811 Planudi
974 2769 1077 2826 neque
1097 2753 1293 2828 epigramma
1314 2752 1415 2812 luisse

190 2847 407 2908 Simonideum
429 2851 459 2908 et
480 2850 572 2908 seriei
595 2849 796 2909 Simonideae
816 2851 1012 2926 epigramma
1034 2850 1173 2925 primum
1196 2868 1244 2925 ep.
1264 2850 1321 2910 507
1339 2850 1370 2909 b.

227 2947 323 3005 Valde
336 2947 462 3022 dubito,
483 2947 565 3007 sitne
580 2948 677 3006 series
692 2948 745 3006 illa
760 2947 818 3007 507
830 2947 951 3007 11-516
966 2951 1001 3007 01
1016 2949 1155 3022 reliquae
1169 2948 1252 3007 duae
1267 2948 1413 3007 habenda

187 3062 244 3118 pro
270 3045 452 3121 fragmento
479 3045 608 3104 maioris
636 3046 758 3105 ordinis
787 3064 804 3104 a
833 3047 992 3121 Meleagro
1017 3064 1055 3104 ex
1079 3046 1207 3122 Sylloge
1231 3046 1412 3106 Simoniden

187 3142 334 3217 excerpti.
369 3143 437 3202 Iam
460 3161 516 3219 per
537 3161 572 3202 se
592 3144 709 3202 mirum
731 3147 795 3220 031,
826 3145 912 3218 quod
934 3147 1006 3219 post
1027 3145 1165 3219 priorem
1188 3145 1412 3220 sepulcralium

187 3240 452 3315 epigrammatum
466 3238 739 3300 ‘Simonideorum
772 3242 885 3301 seriem
918 3242 1102 3301 continuam
1133 3243 1166 3300 in
1199 3244 1285 3303 viros
1313 3244 1411 3301 fortes

187 3339 316 3398 alteram
347 3339 546 3415 invenimus,
581 3340 614 3397 in
644 3357 708 3415 qua
740 3340 853 3398 adesse
884 3358 949 3398 non
982 3341 1107 3399 videtur
1137 3343 1259 3400 certum
1290 3341 1413 3399 ordinis

187 3437 363 3495 consilium.
389 3438 447 3512 Ep.
469 3438 671 3513 Tegeaticum
693 3438 768 3513 512,
792 3439 879 3512 quod
900 3439 933 3496 in
954 3438 1014 3498 hac
1036 3439 1115 3498 varii
1133 3439 1315 3514 argumenti
1333 3440 1414 3498 serie

187 3536 315 3594 unicum
344 3538 393 3594 031
419 3535 452 3593 111
482 3535 568 3593 viros
596 3536 710 3610 fortes,
742 3536 848 3610 potius
876 3537 908 3594 in
936 3537 1043 3610 priore
1068 3537 1207 3612 positum
1231 3538 1279 3595 vel
1301 3537 1412 3595 saltem

187 3651 257 3692 cunr
284 3634 417 3709 gemello
439 3651 498 3692 suo
520 3631 593 3692 VII.
615 3634 674 3692 442
695 3634 838 3692 iunctum
861 3633 1087 3708 expectaveris.
1122 3633 1211 3702 Quae
1233 3636 1338 3692 autem
1361 3650 1411 3691 res

186 3733 322 3792 maxime
338 3749 389 3790 me
406 3733 526 3806 movet,
549 3749 588 3790 ne
605 3732 799 3808 Meleagrum
818 3734 901 3791 hanc
919 3734 1033 3791 seriem
1051 3731 1269 3807 composuisse
1284 3732 1408 3804 putem,

185 3829 211 3887 is
238 3834 287 3888 est
314 3830 393 3888 ordo
420 3829 582 3903 litteralis,
614 3829 669 3904 qui
697 3829 731 3888 in
759 3830 809 3888 his
837 3830 1076 3905 epigrammatis
1104 3829 1245 3887 cernitur
1272 3828 1411 3902 exceptis

185 3929 288 3987 tribus
306 3928 456 3986 extremis
477 3925 581 4001 (5071)
600 3924 660 3985 οὐκ
667 3944 674 3999 ;
698 3923 976 4001 508Π1100111ίαν,
999 3926 1155 3986 509-511
1175 3929 1277 4003 σῆμα,
1300 3928 1411 4001 σῶμα,

185 4029 284 4104 oriam
318 4023 377 4085 512
409 4021 522 4096 suiad&
555 4024 612 4084 513
644 4022 716 4102 φῆ).
751 4024 813 4092 Qui
837 4024 1063 4084 Stadtmiillero
1084 4023 1174 4082 seriei
1196 4023 1351 4098 originem
1372 4040 1411 4080 ex

187 4123 315 4200 Sylloge
349 4123 531 4182 Simonidea
563 4123 699 4198 probare
731 4123 899 4182 videbatur
929 4122 1006 4200 (vid.
1035 4123 1075 4180 ad
1103 4121 1231 4179 titulum
1260 4139 1307 4195 ep.
1333 4120 1410 4181 507:

187 4221 235 4280 ‘fr.
258 4221 338 4297 Syll.
361 4220 481 4279 Simon.
503 4237 573 4295 epp.
595 4219 753 4279 507-513
771 4217 813 4296 (Α
829 4251 867 4260 -
882 4217 965 4295 ΦΥ),
987 4219 1063 4277 mihi
1079 4208 1189 4278 contra
1204 4220 1410 4294 posteriorem

184 4320 339 4395 originem
368 4319 483 4394 arguit.
517 4318 598 4377 Nam
620 4335 724 4391 neque
744 4318 777 4375 in
802 4317 930 4394 Sylloge
953 4318 1135 4377 Simonides
1158 4317 1331 4392 digerenda
1352 4319 1411 4376 ele-

185 4421 360 4476 mentarem
390 4417 533 4475 ordinem
564 4415 748 4474 observavit
779 4416 932 4475 Collector
961 4416 1031 4493 (qui
1058 4416 1287 4491 epigrammata
1316 4433 1410 4491 argu·

185 4518 289 4573 mento
311 4515 480 4575 coniuncta
501 4518 537 4574 01
558 4532 628 4589 epp.
650 4514 949 4590 Thermopylensia,
979 4514 1198 4590 Corinthiaca,
1227 4515 1304 4589 alia,
1329 4531 1412 4588 quae

184 4613 245 4672 iam
276 4616 364 4690 apud
396 4615 566 4690 scriptores
598 4613 772 4687 composita
803 4613 941 4688 invenit,
976 4612 1141 4672 diremisse
1173 4631 1237 4673 non
1270 4611 1409 4688 videtur)

186 4730 288 4787 neque
319 4714 351 4771 in
384 4712 508 4772 Corona
540 4712 697 4787 Meleager
731 4711 784 4789 (cf.
818 4709 838 4788 ¹3*
870 4710 934 4788 80).
974 4713 1087 4786 Itaque
1107 4710 1337 4787 epigrammata
1358 4712 1411 4770 illa

186 4814 256 4886 post
277 4810 472 4885 Meleagrum
493 4811 512 4868 i.
534 4828 560 4869 0.
582 4827 600 4869 0
623 4810 761 4886 Cephala
783 4810 912 4870 demum
933 4811 966 4869 in
989 4811 1075 4868 hunc
1095 4809 1240 4868 ordinem
1261 4815 1410 4885 congesta
