3546 5724
818 456 854 524 19
1276 456 1371 543 sn,
1399 461 1445 526 ιε.

223 649 284 712 alii.
318 647 487 727 Ephoreus
517 665 592 710 vero
621 666 792 726 numerus,
824 665 1021 726 quamquam
1050 650 1083 710 in
1109 648 1264 711 Diodoreo
1285 650 1448 728 copiarum

223 754 393 826 conspectu
414 750 518 824 deest,
542 750 575 807 in
598 750 706 824 proelii
728 750 830 824 ipsius
851 750 1079 824 descriptione,
1104 749 1135 807 in
1155 765 1219 824 qua
1237 751 1449 825 Thespienses

223 867 286 908 non
308 849 490 924 neglexerat
513 846 616 923 (Diod.
642 848 696 905 XI.
720 844 771 923 9),
801 847 899 906 latere
920 847 996 905 mihi
1018 847 1158 906 videtur:
1188 843 1263 906 ὁδὲ
1284 844 1450 926 Λεωνίδης

224 991 259 1005 ..
281 992 287 1005 .
311 991 317 1004 .
343 943 458 1022 ὀλίγων
481 942 512 1004 δ’
531 943 633 1004 ὄντων
654 941 933 1022 Λακεδαιμονίων,
960 940 1102 1011 Θεσπιεῖς
1123 941 1183 1022 γὰρ
1204 941 1325 1021 μόνους
1345 965 1448 1022 παρα-

222 1043 366 1124 καιέσχε,
387 1041 441 1104 καὶ
462 1040 534 1109 τοὺς
555 1040 738 1120 σύμπαντας
759 1041 842 1121 ἔχων
864 1041 902 1102 οὐ
923 1039 1049 1109 πλείους
1069 1045 1133 1102 τῶν
1152 1041 1448 1112 πεντακοσίων,

222 1143 345 1220 ἕτοιμος
376 1139 415 1220 ἦν
447 1139 665 1211 ἀποδέξασθαι
696 1137 750 1200 τὸν
780 1138 859 1218 ὑπὲρ
891 1145 944 1219 τῆς
971 1137 1121 1207 Ἑλλάδος
1151 1137 1300 1200 θάνατον.
1336 1142 1449 1216 Itaque

222 1241 371 1315 Ephorus
399 1239 611 1314 Thespienses
638 1238 840 1297 ducentos
871 1271 906 1279 -
936 1239 1066 1297 trecenti
1088 1239 1172 1296 enim
1194 1242 1285 1298 erant
1309 1239 1448 1314 Spartia-

221 1342 271 1398 tae
299 1371 334 1380 —
365 1338 466 1396 fuisse
493 1335 681 1395 aestimavit.
726 1334 844 1408 Quem,
877 1352 949 1393 cum
971 1338 1001 1394 et
1022 1337 1108 1394 totus
1130 1336 1265 1410 pendeat
1287 1337 1327 1396 ab
1349 1337 1448 1395 Hero·

221 1436 312 1495 dotea
340 1452 469 1511 pugnae
495 1432 707 1508 descriptione
732 1433 815 1491 etin
838 1432 1032 1506 reliquarum
1055 1433 1198 1508 gentium
1220 1433 1362 1492 numeris
1383 1435 1450 1494 iere

221 1550 293 1592 cum
320 1551 357 1592 eo
385 1532 531 1592 concinat
551 1528 609 1606 25),
641 1530 756 1606 legisse
783 1529 870 1604 apud
899 1530 1099 1589 Herodotum
1120 1531 1379 1590 constituendum
1400 1535 1448 1590 est

221 1630 465 1705 Thespiensium
487 1645 657 1688 numerum
679 1627 839 1703 integrum
862 1623 1026 1704 διηκόσιοι.
1051 1630 1191 1687 Numero
1215 1625 1290 1704 HH,
1315 1629 1447 1704 proclivi

221 1727 253 1786 in
281 1727 443 1787 codicibus
472 1726 612 1801 antiquis
641 1726 893 1800 praesertimque
921 1725 954 1784 in
983 1743 1191 1785 numerorum
1220 1727 1301 1785 serie
1322 1744 1445 1801 errore,

222 1826 350 1901 signum
380 1824 414 1880 pr
436 1823 576 1882 iamdiu
598 1826 672 1882 ante
693 1823 872 1882 Pausaniae
892 1824 1025 1882 aetatem
1047 1823 1221 1883 accessisse
1241 1825 1273 1881 in
1296 1825 1447 1883 Herodot'

221 1923 301 1982 libro
318 1923 508 1998 putaverim.
534 1921 605 1989 Quo
623 1921 739 1980 mendo
757 1921 883 1980 sublato
902 1921 1083 1980 Delbriickii
1103 1921 1293 1996 difficultas,
1318 1922 1445 1997 opinor,

222 2021 324 2079 soluta
346 2020 405 2079 erit
423 2017 475 2096 26).

262 2116 352 2195 §is
398 2115 449 2176 Dc
487 2113 664 2176 Thebanis.
709 2116 871 2175 Herodoto
908 2116 980 2191 ipso
1017 2119 1097 2175 teste
1135 2114 1218 2192 (cap.
1257 2115 1330 2193 222)
1368 2134 1448 2192 gens

222 2215 425 2291 Thespiensis
455 2232 520 2273 non
551 2214 645 2273 unica
677 2214 753 2288 fuit,
789 2231 872 2288 quae
902 2214 935 2272 in
967 2231 1094 2272 summo
1126 2232 1234 2273 rerum
1266 2214 1449 2274 discrimine

225 2314 400 2389 Spartiates
422 2329 487 2371 non
509 2313 703 2387 reliquisset:
726 2316 950 2371 remanserunt
971 2329 1100 2387 quoque
1121 2313 1263 2372 Thebani
1283 2308 1449 2388 (Θεσπιέες

223 2408 329 2470 δὲκαὶ
351 2406 486 2488 Θηβαῖοι
507 2409 692 2486 κατέμειναν
712 2412 858 2485 μοῦνοι
878 2407 966 2486 παρὰ
987 2406 1293 2486 Λακεδαιμονίοισι),
1319 2411 1351 2468 hi
1372 2428 1449 2470 vero

222 2508 327 2583 inviti,
357 2506 501 2574 ἀέκοντες
521 2505 575 2566 καὶ
596 2505 634 2566 οὐ
655 2504 859 2584 βουλόμενοι,
885 2509 1007 2584 κατεῖχε
1028 2504 1088 2583 γάρ
1110 2527 1209 2584 σφεας
1230 2504 1395 2585 Λεωνίδης
1416 2507 1449 2568 ἐν

222 2603 356 2683 ὁμήρων
386 2603 474 2683 λόγῳ
504 2602 700 2682 ποιεύμενος.
742 2605 830 2663 Haec
851 2607 881 2662 et
902 2621 985 2679 quae
1006 2604 1120 2662 deinde
1141 2607 1317 2664 narrantur
1339 2624 1365 2665 ο.
1389 2607 1448 2666 225

221 2707 250 2762 et
271 2704 346 2780 233,
371 2705 540 2764 Thebanos
562 2703 664 2778 primo
686 2704 811 2761 coactos
832 2701 990 2760 adversus
1012 2702 1128 2760 Persas
1150 2702 1333 2778 dimicasse,
1364 2707 1448 2779 post-

222 2819 318 2876 quam
354 2805 461 2862 autem
495 2801 695 2860 Immortales
731 2800 869 2860 Graecos
901 2817 919 2859 a
951 2803 1041 2876 tergo
1072 2802 1217 2877 aggressi
1248 2805 1375 2878 essent,
1414 2819 1449 2860 se

221 2899 379 2958 dedidisse
400 2900 512 2974 Xerxi,
536 2900 628 2958 cuius
650 2900 742 2958 iussu
764 2900 910 2975 plurimis
932 2900 1059 2959 inustae
1080 2903 1187 2959 essent
1208 2903 1302 2960 notae
1323 2901 1444 2977 regiae,

221 3014 317 3071 quam
347 2997 517 3056 criminose
547 2997 630 3056 dicta
662 3001 785 3072 essent,
820 3000 850 3056 et
882 2999 1004 3056 veteres
1032 2999 1063 3056 et
1090 2997 1235 3057 hodierni
1263 3003 1444 3058 senserunt.

222 3095 370 3168 Ephorus
399 3112 465 3153 rem
494 3095 537 3154 ita
565 3098 792 3170 proposuerat,
824 3097 860 3154 ut
889 3095 1115 3171 quadringenti
1136 3095 1179 3154 illi
1202 3097 1344 3156 Thebani
1365 3098 1447 3155 inter

220 3209 273 3250 eos
307 3193 408 3252 fuisse
443 3193 647 3267 viderentur,
689 3193 744 3267 qui
779 3194 952 3251 Persarum
987 3193 1120 3252 circuitu
1156 3195 1282 3269 cognito
1317 3194 1447 3252 domum

221 3290 388 3349 rediissent
421 3288 525 3366 (Diod.
557 3291 612 3349 XI.
643 3288 691 3366 9);
725 3293 761 3349 ut
792 3294 896 3350 tamen
928 3293 957 3350 et
986 3291 1097 3350 civitas
1126 3292 1277 3350 Thebana
1305 3290 1448 3370 μηδίζειν

220 3387 381 3446 videretur
408 3392 439 3446 et
466 3389 551 3447 cives
580 3388 722 3447 Thebani
744 3389 874 3448 Graecis
895 3406 987 3463 opem
1009 3389 1121 3446 tulisse
1142 3389 1357 3465 traderentur,
1388 3390 1447 3448 hos

221 3487 346 3545 venisse
377 3487 470 3545 finxit
502 3483 564 3544 ἀπὸ
596 3489 649 3564 τῆς
681 3483 788 3562 ἑτέρας
814 3484 944 3563 μερίδος
974 3485 1077 3562 (Diod.
1103 3487 1157 3545 XI.
1182 3487 1233 3562 4),
1266 3505 1283 3546 a
1312 3488 1448 3546 factione

251 3761 286 3824 25)
322 3765 366 3812 Ed.
390 3763 481 3826 Meyer
504 3763 533 3811 G.
552 3764 576 3813 d.
594 3763 623 3811 A.
650 3763 693 3811 lll.
717 3761 780 3814 380:
805 3761 841 3812 ‘es
859 3765 893 3813 ist
911 3765 990 3827 ubilig
1008 3765 1079 3826 ilar,
1104 3765 1164 3812 dass
1183 3765 1297 3827 liphoros
1315 3766 1359 3813 iiir·
1376 3765 1447 3814 diese

221 3848 330 3911 ll'ampie
355 3849 455 3898 liberali
481 3864 533 3897 nur
557 3848 671 3898 herodot
689 3849 799 3897 hcrmtzt
818 3850 880 3897 lmt'.
910 3850 944 3898 ue
964 3851 1081 3898 numeris
1098 3850 1130 3898 ci.
1152 3850 1242 3897 llusolt
1260 3847 1302 3899 ll2.
1320 3848 1369 3897 til
1388 3849 1446 3898 α.2

220 3938 247 3981 et
263 3932 311 3982 675
329 3947 354 3982 n.
373 3932 396 3981 2.

251 4015 286 4078 ²⁶)
321 4017 574 4082 Biislow-llbchly‚
601 4017 694 4068 Gesch.
713 4018 759 4067 des
776 4034 814 4080 gr.
834 4019 959 4080 llriegsw.
978 4034 1001 4081 p.
1019 4017 1052 4067 (it)
1070 4034 1095 4067 n.
1114 4017 1143 4081 5,
1161 4018 1208 4082 qui
1227 4019 1368 4068 Leonidam
1389 4020 1447 4068 ideo

219 4107 322 4152 tantum
348 4104 506 4152 remansisse
529 4109 638 4166 putant,
666 4111 696 4152 ut
720 4105 816 4168 reliqui
839 4104 970 4154 exercitus
994 4110 1129 4166 receptum
1155 4109 1245 4153 tntum
1270 4105 1303 4152 ah
1327 4105 1447 4153 hostibus

220 4188 352 4251 redderet,
378 4188 551 4255 Thespienses
577 4204 682 4250 prorsus
708 4191 760 4239 alia
785 4190 817 4238 de
843 4203 923 4237 carisa
948 4188 1085 4236 eliminare
1113 4191 1270 4239 volucrunt:
1297 4187 1362 4238 ‘sind
1391 4190 1448 4238 hier

220 4273 292 4321 nicht
313 4273 453 4336 Thespier,
476 4273 588 4322 sondern
614 4274 737 4322 Malier
761 4272 804 4336 [ri.
824 4273 896 4322 Diod.
915 4273 958 4322 lll.
977 4272 1000 4321 l.
1019 4271 1045 4334 7]
1071 4289 1101 4321 ru
1128 4275 1280 4336 rerstelrerr,
1305 4290 1332 4324 so
1350 4276 1384 4323 ist
1402 4276 1448 4324 das

221 4358 421 4420 lreiwillige
440 4357 545 4407 Bleihen
565 4358 647 4407 leicht
664 4358 772 4408 erlrlitrt.
800 4359 872 4408 Nach
892 4358 952 4406 dem
972 4358 1086 4407 isthmos
1105 4360 1279 4407 rnitruziehcn
1300 4359 1391 4409 hatten
1410 4362 1447 4408 sie

219 4442 371 4491 schwerlich
392 4443 463 4490 lmst.
487 4441 621 4492 Zwischen
640 4442 722 4491 ihnen
742 4443 795 4492 und
814 4445 860 4491 der
881 4442 987 4490 lleimat
1003 4442 1066 4490 aber
1083 4443 1159 4490 sturni
1179 4444 1226 4491 der
1244 4443 1340 4492 Feinrl'.
1361 4443 1447 4494 Welz·

221 4526 293 4574 holer
310 4543 333 4590 p,
351 4526 415 4590 068,
433 4528 479 4590 qui
500 4529 593 4575 horum
613 4527 728 4575 virorum
747 4529 883 4576 doctorum
903 4528 935 4574 de
954 4542 1043 4590 pugna
1058 4527 1276 4591 Tlrcrrnopylensi
1295 4529 1445 4592 opinionem

221 4611 330 4674 accepit,
355 4610 529 4674 Thespienses
557 4610 714 4660 remansisse
738 4627 789 4659 non
815 4613 934 4674 negavit,
961 4613 1019 4660 seri:
1047 4608 1101 4660 ‘das
1126 4617 1201 4660 trono
1226 4613 1376 4661 tuslmrren
1402 4613 1448 4660 der

220 4693 343 4759 Thespier
367 4697 400 4744 ist
424 4711 489 4758 ganz
514 4696 707 4757 unerlrliirlich,
733 4711 808 4745 wenn
833 4712 894 4745 inan
919 4699 1065 4760 onnimmt,
1094 4698 1153 4746 dass
1177 4698 1214 4745 sie
1238 4697 1293 4745 sich
1318 4674 1447 4746 ehenlalis

223 4777 278 4828 dem
295 4780 365 4830 Tode
383 4782 484 4831 weihen
504 4782 627 4832 wollten'.
652 4781 689 4830 De
707 4781 838 4830 Thebanis
856 4782 887 4830 ci.
906 4779 919 4843 §
938 4782 970 4830 15
989 4798 1013 4831 n.
1032 4781 1072 4832 30.

1313 4863 1346 4915 qr
