3516 5712
770 484 808 546 u
1229 481 1248 564 a
1272 484 1399 548 55-57.

218 671 236 752 ξ
266 675 314 734 57.
364 669 497 748 Quibus
523 671 679 733 fontibus
706 670 903 734 Scholiasta
928 672 967 733 irc
995 689 1069 751 epp.
1104 672 1162 749 97,
1201 672 1288 749 100,
1320 673 1399 751 101,

178 772 241 832 142
263 769 454 832 laudandis
475 788 558 831 usus
578 769 635 831 sit.
660 772 721 839 Qui
742 772 776 830 in
801 770 997 830 Scholiastae
1014 772 1280 847 epigrammatum
1299 773 1403 831 fontes

177 870 323 945 inquirit,
359 871 386 928 ei
418 869 597 928 cavendum
629 872 694 944 est,
729 887 768 928 ne
800 870 919 928 scholia
950 869 1073 945 omnia,
1108 886 1190 944 quae
1217 871 1403 929 incensum

179 957 323 1042 veniunt,
349 966 389 1025 ab
410 966 519 1025 eodem
542 965 670 1025 homine
691 966 809 1041 scripta
825 983 896 1024 esse
909 968 1015 1040 putet,
1040 966 1230 1044 priusquam
1246 969 1278 1026 in
1294 969 1403 1044 singu·

177 1065 279 1124 lorum
301 1065 455 1140 originem
470 1064 721 1140 investigaverit.
745 1063 838 1132 Quod
854 1081 967 1122 moneo
982 1066 1112 1139 propter
1126 1083 1283 1141 errorem,
1308 1084 1404 1141 quem

177 1163 373 1222 commisisse
394 1163 470 1226 mihi
493 1163 619 1221 videtur
642 1163 743 1221 Hiller
765 1159 818 1237 (ci.
846 1159 865 1238 ξ
889 1161 927 1221 58
950 1159 1027 1237 sq).

215 1261 277 1320 Hic
298 1261 348 1319 vir
361 1261 474 1320 doctus
489 1261 551 1319 iam
567 1263 719 1336 quattuor
733 1259 1000 1334 epigrammatum
1014 1258 1134 1316 iontem
1150 1263 1233 1318 recte
1246 1261 1405 1320 indicasse

177 1359 253 1417 mihi
282 1359 422 1432 videtur;
452 1358 626 1433 disputatio
651 1358 720 1416 eius
741 1359 867 1416 tantum
888 1357 940 1414 hic
960 1356 1022 1416 illic
1043 1357 1190 1433 augenda
1212 1364 1308 1433 atque
1329 1376 1404 1435 sup-

176 1457 290 1532 plenda
312 1459 369 1515 est.
395 1456 586 1516 Observavit
607 1455 829 1532 epigrammati
852 1454 924 1529 101,
950 1455 1036 1530 quod
1051 1454 1100 1512 bis
1115 1455 1240 1530 legatur
1255 1457 1287 1514 in
1303 1458 1401 1517 schol.

176 1555 215 1613 ad
237 1555 372 1613 Panath.
397 1571 427 1629 p.
453 1554 490 1613 52
512 1556 542 1612 et
563 1572 593 1628 p.
618 1553 657 1613 58
679 1553 751 1627 Fr,
775 1552 837 1611 illic
858 1552 1016 1627 praemitti
1037 1569 1086 1626 ep.
1111 1552 1164 1628 97,
1189 1553 1239 1613 hic
1259 1572 1308 1630 ep.
1334 1554 1401 1615 100.

177 1653 256 1712 Cum
277 1656 384 1711 autem
401 1653 434 1710 iu
453 1653 515 1710 ΑΡ.
539 1651 623 1728 (VII.
642 1650 715 1726 257)
731 1651 953 1726 epigrammati
969 1650 1024 1708 101
1041 1652 1152 1726 paucis
1166 1652 1405 1727 epIgrammatis

174 1750 346 1809 interiectis
368 1751 558 1826 praecedant
579 1768 627 1825 ep.
652 1750 691 1809 97
714 1747 798 1825 (VII.
824 1747 895 1825 250)
919 1752 949 1807 et
970 1766 1018 1823 ep.
1039 1749 1096 1808 100
1118 1749 1202 1827 (VII.
1220 1748 1293 1825 253)
1309 1754 1406 1826 atque

176 1851 339 1923 praeterea
367 1865 415 1923 ep.
447 1848 485 1908 97
513 1849 546 1906 in
579 1848 698 1907 scholio
719 1825 910 1922 praebeatur
935 1847 968 1904 in
990 1837 1078 1905 textu
1100 1864 1173 1905 cum
1194 1848 1256 1906 ΑΡ.
1281 1850 1405 1923 conspi-

176 1947 276 2020 ranti,
324 1946 365 2004 ab
402 1946 558 2004 Aristideo
596 1945 807 2020 discrepanti,
856 1944 1019 2003 constituit
1058 1944 1158 2002 Hiller
1195 1944 1404 2004 Scholiastam

176 2043 355 2118 sumpsisse
375 2043 435 2102 tria
456 2045 508 2102 illa
530 2044 760 2119 epigrammata
781 2060 821 2100 ex
841 2042 1108 2117 epigrammatum
1130 2043 1310 2102 collectione
1331 2061 1404 2102 cum

175 2142 366 2217 Anthologia
395 2142 537 2201 Palatina
558 2144 710 2218 cognata,
738 2158 835 2215 quam
857 2140 1038 2199 accuratius
1059 2140 1196 2198 definire
1214 2141 1401 2215 supersedit.

176 2240 255 2298 Eam
286 2242 394 2298 autem
422 2241 632 2316 Meleagream
660 2239 761 2298 fuisse
790 2239 948 2298 Coronam
968 2271 1008 2280 —
1029 2255 1093 2312 qua
1115 2255 1192 2297 usos
1214 2255 1284 2298 esse
1305 2240 1404 2298 Favo-

109 2389 112 2394 .
176 2337 283 2396 rinum
303 2339 400 2411 atque
419 2338 686 2412 Hephaestionem
705 2338 768 2396 iam
787 2336 951 2411 probabile
968 2336 1169 2412 dicebamuS,
1191 2337 1401 2414 Pausaniam,

176 2436 357 2510 Pollucem,
394 2436 565 2512 Diogenem
598 2436 778 2511 Laertium,
814 2435 1034 2494 Herodianum
1067 2453 1140 2494 mox
1171 2436 1336 2510 apparebit
1368 2470 1405 2477 —

175 2536 245 2592 tuto
276 2534 434 2592 affirmari
466 2536 578 2608 potest.
618 2534 687 2592 Iam
720 2534 859 2592 vidimus
891 2551 940 2608 ep.
971 2533 1026 2608 97,
1060 2550 1161 2592 uuum
1193 2551 1232 2592 ex
1263 2535 1406 2609 quinque

177 2631 406 2706 CorinthiaciS,
439 2649 549 2690 revera
571 2632 603 2690 in
627 2632 751 2691 Corona
773 2631 907 2690 affuisse
930 2629 989 2708 (ἐξ
1012 2631 1067 2706 34,
1093 2631 1147 2707 38,
1172 2632 1211 2690 ei.
1238 2629 1257 2708 ξ
1282 2630 1362 2708 191).

217 2729 319 2787 Hiller
346 2729 440 2788 etiam
462 2729 692 2788 demonstravit
714 2729 746 2787 in
768 2729 820 2787 illa
842 2729 1023 2787 collectione
1046 2727 1130 2806 (Mel.
1156 2728 1244 2806 Gor.)
1268 2747 1285 2788 a
1310 2730 1406 2789 Scho-

174 2827 269 2885 Hasta
290 2827 406 2885 lectum
428 2844 499 2885 esse
519 2843 568 2902 ep.
595 2826 661 2884 142.
686 2826 890 2901 Quamquam
911 2828 1018 2884 textus
1038 2826 1234 2886 Scholiastae
1247 2827 1407 2903 discrepat

175 2925 217 2984 ab
245 2925 435 3000 Anthologia
465 2923 549 3001 (VII.
581 2923 665 3001 296).
700 2924 766 2983 Viri
794 2924 877 2983 docti
905 2927 1011 2983 autem
1035 2923 1159 3002 (Kaibel
1184 2943 1214 3000 p.
1238 2925 1314 3001 441,
1340 2927 1407 2984 Keil

175 3023 289 3082 Herm.
319 3022 367 3082 20.
399 3022 471 3100 343)
501 3023 688 3082 iamdudum
716 3023 878 3098 viderant,
916 3025 1002 3082 unde
1029 3023 1235 3098 desumptum
1263 3025 1323 3105 hoc
1344 3026 1406 3100 epi·

174 3138 322 3196 gramma
344 3119 377 3178 in
399 3121 542 3180 scholion
562 3121 771 3195 pervenisset.
803 3121 873 3179 Duo
894 3121 976 3179 enim
999 3122 1108 3179 extant
1129 3122 1216 3196 apud
1236 3122 1406 3182 Aristidem

174 3219 235 3278 loci
264 3219 304 3277 de
331 3236 441 3293 pugna
470 3219 721 3295 Eurymedontia
750 3218 906 3293 paralleli:
935 3218 975 3276 de
1002 3218 1045 3278 IV
1074 3218 1151 3277 viris
1180 3219 1238 3279 209
1266 3221 1319 3295 Ι).,
1351 3219 1407 3278 ubi

174 3333 225 3390 ep.
258 3319 407 3375 nostrum
433 3317 548 3392 legitur
576 3335 772 3394 anonymum
797 3317 867 3394 (τις
888 3314 1041 3395 ὕμνησε),
1073 3319 1168 3392 atque
1190 3318 1323 3376 Panath.
1348 3318 1407 3377 246

176 3414 234 3488 Ι).,
266 3414 307 3472 ad
335 3431 431 3488 quem
461 3414 602 3473 scholion
631 3415 766 3490 pertinet
794 3417 958 3489 nostrum,
989 3417 1100 3489 poetae
1121 3417 1249 3474 nomine
1269 3416 1407 3475 iudicato

175 3508 417 3589 Σιμωνίδης
437 3509 559 3590 ὕμνησε
579 3509 718 3590 λέγων.
751 3514 957 3589 Epigramma
978 3513 1076 3588 igitur
1098 3514 1205 3572 hausit
1229 3513 1407 3574 Scholiasta

174 3627 216 3668 ex
245 3610 392 3668 Aristidis
420 3611 488 3669 loco
517 3611 667 3685 parallelo
681 3609 739 3687 20),
771 3614 881 3685 poetae
909 3614 1016 3670 autem
1045 3629 1174 3686 nomeu,
1207 3612 1292 3686 quod
1321 3613 1407 3687 apud
1514 3689 1517 3696 Ι

174 3707 265 3766 hunc
285 3707 390 3782 deest,
415 3708 544 3767 aliunde
564 3709 697 3783 petitum
719 3709 840 3768 addidit
852 3706 903 3784 21).
928 3709 1052 3768 Monuit
1074 3709 1173 3766 Hiller
1197 3707 1406 3768 Scholiastam

175 3823 294 3864 nomen
316 3805 396 3863 illud
416 3806 509 3864 unice
530 3823 691 3865 arcessere
712 3806 855 3881 potuisse
872 3823 911 3864 ex
926 3806 1193 3882 epigrammatum
1208 3806 1403 3881 collectione,

174 3903 270 3962 cuius
304 3905 411 3962 tamen
439 3903 631 3962 collectionis
660 3938 697 3945 —
721 3904 865 3963 Coronae
893 3904 1088 3979 Meleagreae
1118 3901 1195 3979 (vid.
1227 3902 1340 3980 supra)
1371 3937 1405 3945 -

174 4003 300 4060 textum
329 4019 347 4060 a
375 4003 463 4060 textu
491 4001 647 4060 Aristiden
675 4002 909 4087 discrepantem
938 4002 1143 4077 neglexisset,
1174 4019 1238 4077 quo
1266 4001 1403 4079 iactum,

175 4101 213 4158 ut
245 4116 362 4158 nomen
396 4098 589 4174 simonidia,
624 4117 688 4174 quo
716 4100 750 4157 in
779 4100 904 4159 Corona
933 4102 1045 4159 ornata
1074 4101 1142 4158 erat
1169 4101 1407 4175 epigrammatis

210 4385 246 4448 2⁰)
281 4387 376 4450 Neque
399 4387 482 4436 Hiller
506 4402 593 4451 neque
616 4388 709 4450 ceteri,
734 4402 788 4449 qua
810 4392 931 4451 parerat
948 4388 1100 4451 diligentia,
1125 4392 1287 4437 monuerunt
1303 4392 1407 4437 textum

173 4472 379 4535 epigrammatis
393 4486 424 4519 ex
440 4486 476 4520 or.
492 4472 524 4520 de
540 4472 573 4520 IV
588 4472 650 4521 viris
666 4487 715 4520 nec
732 4486 837 4520 remex
855 4486 890 4520 or.
905 4472 936 4521 de
952 4472 1190 4536 paraphthegmate
1203 4487 1259 4522 esse
1272 4471 1407 4521 haustum.

175 4557 252 4615 Quod
271 4556 377 4620 quade
394 4570 474 4605 causa
491 4556 591 4619 dicam,
610 4556 659 4605 vid.
678 4555 691 4618 5
708 4554 741 4604 63

210 4639 246 4702 21)
281 4639 320 4690 hd
342 4641 430 4690 locum
447 4643 533 4705 ipsum
552 4642 670 4691 scholion
689 4643 764 4690 docet
781 4638 937 4705 Σιμωνίδην
954 4639 1020 4705 λέγει
1038 4641 1087 4690 595
1106 4643 1149 4705 Ι).,
1173 4641 1222 4691 996
1239 4642 1280 4690 Fr.
1308 4641 1359 4700 Qui
1376 4641 1408 4690 ad

175 4727 266 4774 locum
285 4726 312 4774 in
332 4725 443 4775 Panath.
461 4741 497 4775 or.
516 4728 670 4789 parallelum
690 4726 853 4789 epigramma
871 4741 902 4775 ex
921 4742 957 4776 or.
976 4728 1008 4776 de
1026 4728 1060 4776 IV
1079 4728 1124 4777 vir.
1144 4728 1270 4776 haustum
1289 4727 1410 4789 ascripsit

175 4824 332 4875 nomenque
350 4816 441 4875 poetae
459 4826 489 4860 ex
508 4812 661 4862 collectione
679 4811 792 4877 addidit,
811 4814 832 4862 is
848 4815 903 4862 loco
919 4813 951 4862 de
968 4813 1001 4863 IV
1016 4812 1076 4862 viris
1090 4813 1177 4877 ipsum
1195 4826 1291 4862 nomen
1306 4811 1408 4861 adiecit.

1294 4895 1308 4947 7
