3546 5724
806 477 842 545 15
1264 480 1283 564 s
1307 483 1360 562 12,
1387 481 1433 547 ra

212 671 357 752 sumpsit.
394 669 474 736 Cum
502 674 607 735 autem
636 670 721 750 apud
750 673 838 733 viros
867 673 976 734 doctos
1005 671 1091 734 nulla
1120 675 1240 734 extaret
1262 673 1433 750 dubitatio,

211 777 287 850 quin
318 775 500 834 Herodotus
529 792 568 833 ex
592 773 752 848 lapidibus
774 773 1004 848 epigrammata
1026 773 1094 848 ipse
1115 772 1175 831 sibi
1197 773 1434 849 descripsisset,

211 875 396 933 historicum
423 873 538 948 legisse
565 873 597 930 in
626 873 718 946 cippo
747 872 910 947 Megistlae
937 871 1007 946 ipso
1035 888 1150 929 nomen
1181 870 1370 948 Simonidis,
1401 875 1437 930 ut

210 971 425 1045 inscriptionis
446 969 652 1044 dedicatoria,
677 968 937 1028 constituendum
960 969 1020 1027 sibi
1042 969 1175 1044 putavit.
1201 968 1290 1037 Quae
1311 969 1433 1045 opinio,

210 1069 279 1128 licet
307 1068 451 1127 virorum
479 1068 730 1127 clarissimorum
752 1066 909 1124 Wilhelmi
931 1069 961 1124 et
984 1066 1209 1124 Wilamowitzii
1226 1064 1262 1141 16)
1287 1067 1435 1141 plausum

209 1166 320 1224 tulisse
341 1165 505 1238 videatur,
530 1182 581 1223 me
602 1181 619 1222 a
642 1181 717 1222 vero
739 1180 836 1238 quam
859 1163 1104 1222 remotissimam
1126 1164 1266 1222 iudicare
1286 1165 1350 1224 iam
1371 1166 1436 1223 dixi

211 1261 288 1340 §6,
322 1280 395 1321 cum
424 1263 552 1339 Pregeri
584 1262 642 1320 loci
670 1261 841 1320 Herodotei
873 1260 1163 1335 interpretationem
1196 1263 1356 1321 referrem.
1391 1264 1437 1321 Ne

209 1364 311 1420 cetera
338 1363 528 1436 argumenta
551 1377 636 1418 nunc
659 1362 813 1434 repetam:
843 1359 1043 1433 Herodotus,
1075 1359 1102 1416 si
1126 1358 1298 1418 Simonidis
1321 1375 1435 1419 nomen

208 1459 305 1534 lapidi
333 1459 528 1534 insculptum
557 1457 714 1516 invenerit
743 1490 781 1496 —
810 1456 896 1530 quod
924 1455 1071 1530 equidem
1097 1457 1274 1531 praefracte
1295 1476 1376 1534 nego
1398 1493 1436 1500 -

208 1575 247 1615 ex
281 1575 317 1616 eo
352 1558 445 1616 unice
479 1556 618 1614 effecerit
654 1572 783 1613 necesse
816 1556 865 1612 est
904 1554 1099 1613 Simonidem
1134 1559 1435 1615 monumentum

210 1656 413 1730 posuisse.
1027 1701 1028 1704 ,
1117 1645 1119 1648 ’

248 1754 377 1828 Itaque,
413 1753 474 1811 nisi
505 1769 544 1810 ex
575 1752 805 1810 traditione
836 1751 993 1825 quadam,
1029 1751 1105 1810 haec
1134 1751 1244 1809 notitia
1275 1752 1435 1812 Herodoto

208 1849 386 1909 innotuisse
408 1868 471 1909 non
493 1852 605 1925 potest.
631 1849 806 1909 Traditioni
829 1866 974 1924 quoque,
999 1851 1095 1923 atque
1114 1850 1182 1907 sine
1200 1849 1297 1908 dubio
1315 1851 1432 1926 eidem,

211 1948 407 2008 Herodotum
436 1948 585 2007 debuisse
612 1951 863 2006 consentaneum
888 1948 936 2005 est
957 1947 1101 2006 notitiam
1123 1947 1348 2023 degentibus,
1380 1951 1435 2022 qui

209 2046 240 2104 in
265 2045 589 2121 ‘Peloponnesiorum’
613 2046 842 2126 epigrammate
864 2045 1011 2104 celebrati
1032 2045 1133 2103 luisse
1154 2044 1348 2104 viderentur.

247 2145 339 2204 Nunc
367 2148 473 2204 autem
501 2144 646 2218 quaestio
674 2143 793 2216 oritur,
825 2146 935 2201 utrum
957 2160 996 2201 ex
1016 2127 1126 2202 eadem
1147 2142 1317 2202 traditione
1338 2145 1434 2203 histo-

209 2242 293 2302 ricus
322 2242 467 2317 petiverit
494 2242 761 2317 epigrammatum
790 2241 887 2299 trium
915 2244 1037 2300 textum
1063 2259 1104 2300 an
1125 2258 1162 2300 ea
1183 2241 1252 2315 ipse
1272 2259 1311 2300 ex
1332 2242 1436 2317 lapide

209 2341 401 2416 cognoverit.
436 2340 504 2398 Iam
533 2357 589 2414 per
619 2357 668 2414 se,
701 2340 830 2414 opinor,
863 2339 1027 2414 probabile
1052 2341 1100 2397 est
1121 2357 1191 2398 eam
1213 2340 1431 2415 traditionem,

209 2455 290 2513 quae
308 2438 469 2497 Herodoto
488 2439 616 2498 notitias
634 2439 673 2496 de
692 2438 859 2513 cipporum
876 2437 1186 2513 inscriptionumque
1201 2437 1435 2498 dedicatoribus

210 2537 303 2609 atque
330 2535 369 2593 de
398 2535 546 2610 gentibus
574 2536 606 2592 in
636 2536 739 2610 primo
767 2535 996 2610 epigrammate
1023 2535 1188 2594 honoratis
1213 2537 1436 2612 suppeditasse

210 2633 370 2707 videatur,
402 2649 610 2692 conservasse
638 2649 766 2706 quoque
793 2633 1060 2708 epigrammatum
1087 2635 1231 2707 ipsorum
1254 2634 1361 2693 verba.
1397 2636 1435 2694 At

208 2730 414 2788 nihilominus
432 2730 668 2789 concedendum
687 2733 734 2788 est
752 2730 822 2788 fieri
841 2731 999 2804 potuisse,
1025 2733 1060 2788 ut
1079 2731 1262 2791 Herodotus
1278 2733 1435 2808 epigram·

208 2831 291 2887 mata
322 2829 355 2887 in
388 2828 488 2903 cippis
519 2845 648 2903 quoque
679 2829 815 2904 legeret,
854 2829 881 2887 si
913 2829 1025 2888 saltem
1058 2833 1217 2889 constaret
1249 2832 1434 2906 scriptorem

209 2927 438 3002 Thermopylas
460 2928 616 2986 visitasse.

247 3025 449 3099 Quamquam
477 3029 598 3084 certum
620 3025 835 3084 testimonium
858 3059 897 3067 -
918 3026 1012 3100 quale
1033 3026 1189 3085 habemus
1211 3027 1250 3086 de
1272 3028 1341 3087 aliis
1363 3028 1432 3087 eius

207 3124 373 3184 itineribus
401 3157 439 3166 -
468 3124 572 3198 deest,
605 3124 664 3182 viri
691 3125 775 3184 docti
803 3125 869 3183 fere
897 3141 1008 3183 omnes
1030 3124 1069 3199 17)
1100 3143 1163 3184 non
1186 3127 1431 3203 dubitaverunt,

207 3221 284 3296 quin
321 3222 502 3281 Herodotus
534 3222 602 3296 ipse
632 3223 732 3280 oculis
764 3223 832 3282 suis
864 3224 974 3314 locum¹
1001 3243 1129 3300 pugnae
1160 3226 1435 3300 praeclarissimae

207 3318 329 3379 viderit.
366 3321 425 3378 Vix
453 3321 537 3380 enim
565 3320 714 3380 credibile
743 3321 911 3381 videbatur
933 3323 1136 3397 historicum,
1169 3324 1224 3398 qui
1245 3326 1290 3383 tot
1312 3342 1368 3399 per
1390 3328 1435 3383 tot

206 3421 316 3493 gentes
350 3418 476 3476 iecisset
510 3419 643 3494 itinera,
682 3420 822 3479 faucium
855 3421 1177 3496 Thermopylensium
1208 3425 1238 3480 et
1268 3423 1431 3498 locorum,

206 3532 288 3589 quae
309 3517 584 3592 circumiacerent,
609 3516 854 3592 descriptionem
876 3519 945 3577 aliis
967 3519 1091 3577 debere.
1122 3519 1225 3578 Leake
1241 3518 1278 3594 18)
1302 3522 1331 3579 et
1354 3521 1434 3578 Bur-

207 3613 276 3672 sian
297 3613 354 3689 19),
385 3616 441 3690 qui
466 3617 566 3674 totam
590 3616 751 3691 regionem
772 3617 1028 3692 descripserunt,
1060 3618 1099 3676 de
1123 3618 1275 3676 Herodoti
1297 3615 1434 3694 αὐτοψίᾳ

208 3811 363 3818 ———--—-—-

239 3947 273 4010 la)
308 3949 435 4000 Wilhelm
455 3967 478 4014 p.
488 3950 550 4013 2353
571 3951 746 4002 Wilamowitz
766 3954 814 4002 hoc
831 3955 996 4018 epigramma
1012 3960 1130 4018 spectare
1148 3955 1252 4004 ridetur
1269 3971 1330 4004 cum
1345 3956 1436 4005 scribit

206 4035 306 4098 (Tertg.
333 4051 356 4097 p.
374 4032 432 4095 35):
459 4032 511 4083 ‘die
538 4036 687 4096 poetisclren
712 4038 894 4088 Aufschriftcn
918 4041 983 4089 aller
1007 4040 1201 4090 Monumenten
1225 4054 1312 4089 waren
1337 4041 1435 4090 durch·

206 4119 322 4182 gehends
340 4121 491 4182 namenlos,
510 4135 570 4169 zum
588 4121 643 4170 'l'eil
663 4137 712 4171 von
732 4123 829 4172 hohern
848 4126 999 4186 poetischen
1018 4125 1082 4174 oder
1096 4125 1320 4187 geschichtliclren
1332 4125 1437 4187 Werte,

207 4204 258 4252 und
283 4204 343 4252 dass
366 4203 408 4252 die
433 4204 538 4254 Dichter
562 4219 609 4254 von
629 4206 777 4257 Proiession
796 4208 865 4256 auch
884 4210 972 4258 solche
991 4208 1120 4271 Austrage
1138 4210 1231 4258 erliillt
1250 4210 1357 4273 hatten,
1382 4226 1437 4259 avar

207 4302 239 4337 an
260 4289 314 4337 sich
333 4287 531 4352 glaubwdrdig,
554 4291 691 4340 vielleicht
710 4292 757 4352 stu·
775 4293 907 4342 einzelnes
925 4294 1047 4342 wirhllclr
1067 4294 1242 4357 llberlieferl,
1266 4296 1323 4344 rand
1341 4296 1437 4344 crlrr'ell

207 4372 338 4434 Ndlrrunp
368 4374 454 4421 durch
484 4374 577 4436 eigana
606 4374 766 4439 Sliftungen
796 4391 816 4424 z.
842 4377 873 4426 B.
900 4393 951 4428 uon
976 4377 1146 4440 Simonides,
1178 4380 1230 4427 die
1258 4381 1434 4428 natiirliclr

208 4458 265 4506 den
284 4458 412 4509 Stifter
429 4459 496 4508 und
515 4460 673 4524 augleich
693 4461 834 4512 Dichter
852 4465 1023 4512 nannten.'
1045 4466 1079 4513 lle
1096 4464 1182 4526 priore
1197 4466 1436 4514 lruiussentemiae

209 4547 278 4603 parte
296 4544 328 4592 cs.
347 4540 360 4604 ἓ
377 4541 418 4592 20.

238 4625 272 4686 17)
306 4627 399 4676 llaibel
417 4643 441 4690 p.
458 4626 515 4691 437,
534 4629 617 4692 Bergk
637 4645 660 4692 p.
679 4629 742 4694 428,
763 4630 938 4681 Wilamowitr
957 4649 979 4695 p.
999 4630 1207 4697 315,Wi1ue1m
1227 4651 1249 4697 p.
1267 4633 1324 4684 235.

238 4707 271 4770 18)
306 4711 440 4785 Northern
458 4711 554 4762 Greece
573 4713 595 4761 ll
614 4729 637 4776 p.
657 4713 672 4762 7
691 4729 748 4778 sqq.

238 4793 271 4856 l9)
306 4793 400 4861 Geogr.
420 4811 469 4846 von
487 4795 678 4848 Griechenland
697 4799 708 4847 l
727 4816 750 4864 p.
769 4798 799 4848 91
819 4815 877 4865 sqq.
