3516 5712
366 479 442 555 cap.
468 479 533 554 111,
558 479 594 555 a,
618 477 646 538 e.
959 476 1024 536 aa·

365 667 398 726 in
419 665 458 725 iis
479 664 552 724 libri
573 664 618 723 XI
640 664 800 740 partibus,
825 680 908 738 quae
928 663 968 722 de
988 662 1070 722 bello
1092 661 1212 722 Medico
1234 663 1325 737 sunt,
1349 661 1388 721 ci.
1404 661 1517 720 anolt
1532 659 1590 722 11¹.

366 763 424 824 622
446 779 510 840 sq.,
537 762 698 822 Schwartz
720 762 906 821 PW.-RE.
931 761 967 820 V.
992 759 1060 821 689.

406 863 573 922 Praeterea
594 861 627 920 in
649 859 814 920 Diodoreis
835 861 912 919 Exc.
937 860 1006 918 Vat.
1031 859 1092 919 III.
1113 858 1153 917 40
1176 856 1219 934 (p.
1238 857 1296 917 213
1311 855 1406 933 Vog.)
1430 859 1593 917 servatum

366 963 414 1020 θεῖ
441 978 490 1035 ep.
516 959 590 1035 132,
622 959 709 1034 quod
736 959 769 1017 in
799 959 973 1018 Diodorum
1002 975 1041 1017 ex
1071 956 1232 1016 Herodoto
1257 957 1326 1016 sive
1347 957 1432 1016 recta
1454 956 1505 1014 via
1528 956 1594 1015 sive

366 1077 423 1135 per
449 1059 616 1134 Ephorum
637 1061 850 1134 propagatum
871 1059 929 1116 est.
964 1057 1005 1116 Ut
1026 1057 1089 1115 iam
1111 1056 1221 1115 monui
1244 1053 1279 1132 (ᾖ
1302 1053 1374 1131 41),
1403 1072 1451 1130 θρ.
1475 1055 1595 1129 ubique

367 1173 564 1233 anonymum
588 1155 779 1216 Simonideis
800 1155 957 1214 insertum
976 1155 1024 1212 est
1045 1171 1063 1212 a
1086 1153 1164 1212 viris
1184 1153 1295 1213 doctis.
1320 1152 1466 1212 Attamen
1485 1153 1594 1212 verisi-

367 1255 441 1314 mile
460 1257 508 1314 est
529 1255 588 1314 hoo
609 1271 738 1328 quoque
757 1270 806 1329 ep.
831 1270 849 1312 a
871 1251 1043 1312 Collectore
1064 1251 1097 1310 in
1118 1250 1195 1327 Syll.
1220 1250 1297 1310 Sim.
1316 1252 1477 1326 receptum
1496 1251 1595 1310 luisse

370 1351 404 1430 (ᾖ
429 1352 485 1414 133
507 1350 611 1428 sqq.);
634 1352 758 1411 nullum
780 1368 856 1410 vero
877 1351 946 1409 eius
968 1350 1013 1409 rei
1034 1351 1120 1410 extat
1142 1349 1322 1426 vestigium.

822 1556 851 1615 6.
897 1565 1140 1615 ruurxaouus

410 1743 501 1822 §aa
547 1743 598 1804 De
623 1759 712 1820 epp,
745 1759 834 1819 quae
859 1739 959 1802 renim
986 1739 1025 1801 ia
1054 1738 1110 1801 lib.
1144 1740 1186 1801 de
1208 1739 1290 1801 Her.
1315 1739 1397 1800 mal.
1423 1738 1592 1817 leguntur.

370 1844 414 1906 De
435 1842 570 1917 captiti,
593 1842 627 1900 in
648 1858 713 1915 quo
733 1857 805 1915 epp.
824 1838 1026 1899 Corinthiaoa
1047 1839 1190 1914 quinque
1209 1837 1271 1915 (96,
1293 1838 1342 1914 97,
1364 1837 1436 1913 134,
1457 1836 1594 1914 98,137)

367 1941 552 2015 laudantur,
583 1939 646 1998 iam
674 1937 811 1997 disserui
835 1934 854 2013 ᾖ
877 1937 915 1997 25
938 1954 1008 2012 sqq.
1042 1937 1198 2012 Apparuit
1219 1936 1252 1996 in
1274 1936 1437 1996 Plutarchi
1457 1936 1596 1995 libellum

369 2038 564 2098 confluxisse
591 2038 673 2096 duos
701 2036 823 2111 fontes,
854 2051 993 2109 quorum
1021 2035 1100 2094 alter
1130 2032 1309 2110 (Ephorus)
1339 2036 1483 2094 servaret
1502 2034 1598 2109 idque

371 2135 539 2196 traditione
566 2134 746 2208 antiquiore
769 2130 821 2209 (A)
844 2132 950 2191 omnia
972 2132 1219 2208 epigrammata,
1250 2131 1329 2192 alter
1351 2130 1528 2208 (Timaeus)
1552 2149 1597 2190 re·

371 2234 509 2293 centiore
539 2230 591 2308 (S)
621 2231 786 2307 praeberet
815 2247 916 2289 unum
938 2247 987 2305 ep.
1013 2230 1080 2290 137.
1116 2231 1196 2291 (lum
1219 2230 1412 2289 Plutarchus
1432 2230 1598 2306 ignorasse

371 2331 518 2389 videatur
549 2347 620 2405 epp.
655 2329 823 2404 quattuor,
858 2330 894 2386 ut
922 2328 1089 2404 quintum,
1123 2328 1232 2387 itidem
1263 2327 1443 2387 Simonideo
1472 2328 1599 2386 nomine

369 2431 483 2487 ornata
497 2427 634 2486 inveniri
647 2428 817 2501 —quanta
832 2426 917 2484 enim
932 2443 1005 2485 cum
1020 2427 1183 2501 voluptate
1196 2425 1369 2486 Simonidis
1380 2426 1598 2500 auctoritatem

372 2524 611 2601 epigrammatis
627 2524 684 2584 137
702 2524 900 2600 praedicaret
917 2524 1057 2583 vidimus
1079 2522 1114 2601 (ἓ
1127 2521 1179 2600 25)
1195 2556 1234 2565 -
1249 2523 1394 2599 sequitur
1408 2541 1481 2582 eum
1497 2540 1599 2599 neque

373 2622 524 2698 Syllogen
554 2622 771 2682 Simonideam
800 2622 929 2682 novisse
957 2639 1060 2697 neque
1088 2622 1166 2681 adeo
1191 2624 1376 2696 excerptum
1396 2621 1466 2682 eius
1487 2622 1520 2680 in
1543 2621 1598 2682 (lo-

372 2738 484 2779 ronam
506 2720 716 2796 Meleagream
738 2722 909 2794 receptum.
941 2720 1034 2789 Quod
1056 2719 1096 2779 ab
1117 2737 1154 2779 eo
1175 2720 1311 2779 affertur
1333 2717 1468 2780 adiecto
1490 2718 1598 2780 Simo·

372 2815 468 2878 nidis
494 2814 636 2878 nomine
663 2817 859 2893 epigramma
889 2835 932 2878 sc.
960 2835 1009 2893 ep.
1036 2817 1093 2876 136
1120 2817 1154 2876 in
1184 2817 1397 2877 Democritum
1425 2818 1599 2878 Naxiorum

286 2926 291 2940 ·
371 2916 501 2991 ducem,
534 2915 566 2973 id
597 2915 696 2992 igitur
727 2915 837 2990 petivit
868 2933 907 2974 ex
938 2933 975 2975 eo
1006 2915 1111 2991 fonte,
1148 2933 1213 2990 quo
1244 2932 1326 2974 usus
1357 2917 1405 2975 est
1434 2916 1468 2975 in
1501 2917 1599 2975 Hero·

371 3014 463 3073 dotea
491 3013 675 3073 narratione
697 3012 799 3090 (VIII.
823 3012 875 3090 46)
899 3013 938 3072 de
959 3013 1134 3072 Naxiorum
1157 3014 1276 3074 auxilio
1298 3013 1427 3075 Graecis
1449 3015 1600 3091 praestito

374 3110 415 3187 (a.
442 3110 515 3187 490)
544 3111 774 3188 impugnanda.
810 3111 955 3171 Dubitari
977 3130 1042 3171 nou
1078 3115 1198 3188 potest,
1228 3112 1307 3188 quin
1334 3113 1485 3184 illefons
1506 3113 1600 3173 fuerit

372 3210 542 3268 Naxium
571 3209 804 3269 chronicon
835 3205 982 3285 (Ναξίων
1010 3207 1213 3287 ὡρογράφοι)
1244 3211 1340 3285 paulo
1368 3213 1442 3270 ante
1467 3229 1600 3271 comme·

372 3308 541 3366 moratum.
577 3308 626 3366 Ex
658 3307 788 3382 Ephoro
822 3305 876 3383 (ir.
908 3306 983 3384 113,
1018 3307 1115 3368 FHG.
1146 3308 1171 3366 l.
1201 3306 1293 3385 265),
1328 3309 1383 3384 qui
1411 3309 1540 3384 quidem
1568 3310 1600 3367 in

371 3405 481 3463 eodem
509 3422 578 3479 cap.
602 3404 762 3480 laudatur,
787 3423 836 3480 ep.
859 3423 923 3464 non
945 3405 1049 3464 fluxit.
1074 3405 1280 3465 Manifestum
1302 3407 1386 3465 enim
1408 3409 1455 3466 θεῖ
1477 3408 1600 3466 Plutar-

373 3503 469 3562 chum
494 3503 585 3561 illum
606 3505 731 3562 tantum
753 3503 919 3578 laudasse,
951 3506 987 3562 ut
1008 3503 1077 3562 leve
1097 3503 1286 3579 discrimen,
1317 3505 1403 3579 quod
1424 3505 1508 3564 inter
1528 3524 1600 3566 eum

373 3603 403 3660 et
425 3600 624 3660 Hellanicum
646 3600 775 3659 extabat
795 3601 836 3659 de
857 3600 987 3659 navium
1011 3618 1159 3676 numero,
1190 3602 1416 3662 testificaretur
1440 3600 1493 3678 (ci.
1521 3601 1540 3680 ᾖ
1563 3603 1600 3663 29

374 3717 405 3756 n.
426 3696 490 3774 30).
515 3698 607 3758 Naxii
629 3699 736 3757 autem
755 3698 960 3773 Horographi
975 3700 1061 3758 unde
1076 3717 1124 3775 ep.
1140 3700 1318 3775 sumpsisse
1333 3701 1483 3760 censendi
1499 3699 1600 3760 sunt?

373 3797 423 3854 Ex
446 3795 599 3872 Sylloge?
621 3797 693 3855 Non
715 3796 838 3870 opinor.
864 3797 927 3855 Fac
948 3814 1001 3855 eos
1023 3797 1238 3857 Alexandrina
1259 3801 1362 3858 aetate
1376 3797 1403 3874 6)
1427 3799 1547 3859 vixisse
1564 3833 1601 3841 —

373 3895 459 3970 quod
480 3895 610 3952 omnino
631 3911 695 3953 non
714 3895 838 3952 constat
853 3927 902 3969 —,
927 3896 963 3953 ut
980 3894 1126 3971 Sylloges
1145 3896 1282 3954 utendae
1295 3896 1335 3954 iis
1349 3896 1486 3956 facultas
1502 3897 1603 3956 luisse

374 3994 534 4066 videatur;
557 3992 630 4067 quis
652 3994 758 4052 autem
780 3991 888 4052 credat
909 3990 1015 4051 Nonii
1036 3993 1184 4052 Ohronioi
1206 3996 1367 4069 auctorest,
1392 3992 1546 4054 Nonium
1567 3997 1602 4052 ut

372 4092 541 4150 laudarent
572 4090 786 4166 epigramma,
821 4090 939 4149 adiisse
972 4089 1122 4167 Syllogen
1157 4090 1400 4151 Simonideam?
1434 4093 1601 4152 Praeterea

373 4189 406 4248 in
441 4206 477 4248 ea
511 4188 646 4247 affuisse
677 4191 824 4248 nostrum
856 4206 1004 4264 carmen,
1042 4189 1161 4264 quippe
1191 4190 1277 4264 quod
1309 4192 1506 4266 epigramma
1537 4209 1601 4250 non

374 4287 415 4346 sit
443 4319 480 4328 -
510 4285 591 4346 sitne
618 4286 848 4346 dedicatorium
872 4303 918 4366 an
946 4287 1123 4362 sepulcrale
1147 4287 1291 4363 dignosci
1318 4289 1428 4363 nequit
1449 4323 1488 4330 —
1510 4289 1601 4349 valde

406 4535 430 4598 6)
464 4537 561 4586 Miiller
586 4537 661 4588 FllG.
687 4537 729 4586 lV.
755 4536 805 4586 301
828 4537 1003 4587 Plutarchum
1027 4536 1179 4586 adhibuisse
1202 4542 1292 4587 censet
1316 4539 1356 4587 vel
1380 4538 1537 4589 Andriscum
1561 4538 1600 4586 vel

375 4621 505 4670 Philotam
524 4618 592 4683 (‘i.e.
611 4622 742 4671 Philteam
761 4621 793 4671 ol.
811 4621 932 4670 Meinehe
950 4621 1026 4670 hual.
1044 4621 1116 4670 Alex.
1136 4636 1158 4684 p.
1168 4620 1225 4670 352³
1245 4619 1315 4683 [add.
1334 4623 1407 4673 Kaib.
1427 4638 1450 4686 p.
1460 4622 1509 4672 117
1528 4619 1600 4683 n.l])

374 4707 415 4754 vel
432 4705 638 4769 hglaosthenam
657 4709 698 4756 vel
715 4707 798 4756 alium
817 4721 906 4756 rerum
925 4706 1085 4756 Naxicarum
1103 4706 1265 4770 scriptoram.
1284 4705 1323 4757 cf.
1341 4707 1475 4758 Susemihl
1493 4707 1523 4756 Α.
1534 4707 1561 4758 L.
1569 4706 1600 4756 11.

373 4789 423 4840 381
441 4796 469 4841 θῖ
486 4791 536 4841 loo
554 4808 579 4841 n.
597 4791 653 4842 311.
