3516 5712
749 497 806 559 145
934 470 938 476 ’
1216 493 1312 576 §aa
1337 496 1386 558 oc.

165 688 261 748 eidem
284 687 353 764 (τοῦ
371 683 482 762 αὐτοῦ)
502 685 655 745 tribueret
674 691 784 762 poetae
804 685 857 764 (=
874 686 951 746 Sim.
968 687 1023 746 181
1041 687 1090 761 Β.,
1112 687 1151 745 ci.
1169 684 1188 763 ξ
1204 686 1241 744 01
1258 704 1289 744 n.
1306 685 1388 762 120).

166 789 412 860 Nonnumquam
439 786 677 861 epigrammatis
699 786 740 845 ab
762 786 787 844 A
808 786 896 844 nullo
917 785 1009 844 titulo
1031 785 1196 843 instructis
1218 784 1242 843 0
1264 801 1393 858 quoque

165 885 302 944 auctoris
331 902 446 942 nomen
476 900 635 958 apponere
663 884 859 958 supersedit,
875 907 877 911 ·
891 901 963 942 cum
991 883 1077 957 apud
1103 882 1279 940 Planudem
1300 883 1392 956 poeta

165 984 369 1058 praebeatur:
391 983 426 1040 V.
449 984 464 1039 1
487 984 518 1040 et
540 980 597 1039 142
619 999 704 1040 nom.
724 999 786 1040 om.
808 981 860 1040 AG
883 982 1032 1056 Meleagri
1054 981 1114 1055 Pl.,
1136 981 1392 1040 1122011140

166 1081 271 1139 Zonae
288 1080 348 1155 Pl.,
366 1080 419 1138 VI.
441 1079 497 1138 130
515 1081 544 1138 et
562 1078 620 1137 309
639 1097 701 1138 om.
719 1080 771 1139 AO
790 1079 947 1138 Leonidae
965 1079 1011 1138 Pl.
1031 1078 1195 1153 Plerisque
1208 1082 1313 1138 autem
1328 1079 1392 1137 iam

164 1179 192 1237 in
216 1180 304 1237 fonte
326 1177 521 1238 Correotoris
539 1177 663 1236 nullum
682 1179 842 1252 appictum
861 1178 962 1236 fuisse
980 1177 1119 1235 auctoris
1138 1177 1273 1234 indicem
1291 1178 1392 1235 conie-

164 1276 258 1348 ceris;
277 1276 434 1350 imprimis
452 1275 691 1350 epigrammatis
706 1276 741 1333 V.
758 1275 772 1333 1
789 1275 859 1333 ideo
874 1275 1006 1350 periisse
1020 1275 1133 1333 titulus
1148 1275 1283 1349 videtur,
1306 1276 1392 1349 quod

164 1375 302 1447 primum
320 1373 518 1448 epigramma
536 1375 604 1430 erat
623 1370 1127 1449 1111111091111111111(11111111).
1152 1372 1305 1431 Consulto
1318 1373 1392 1431 titu-

163 1471 229 1529 lum
258 1488 321 1529 non
352 1470 512 1530 addidisse
541 1470 667 1528 videtur
696 1470 720 1529 0
748 1470 969 1545 epigrammati
990 1471 1025 1529 V.
1049 1470 1122 1544 140,
1154 1470 1240 1543 quod
1262 1487 1392 1545 corrup·

162 1568 242 1627 telae
273 1569 368 1644 signo
398 1569 520 1628 notavit
554 1567 718 1644 (Meleagri
751 1567 830 1644 Pl.);
863 1569 898 1627 V.
930 1568 987 1626 324
1019 1569 1213 1642 isopsephou
1246 1568 1278 1626 in
1312 1569 1394 1626 serie

164 1667 331 1741 Leonides,
353 1683 547 1741 quamquam
567 1667 660 1741 signo
678 1666 790 1724 initiali
805 1684 823 1724 a
839 1665 1038 1740 praecedenti
1052 1683 1101 1740 ep.
1117 1665 1315 1740 distinxerat,
1338 1683 1392 1724 no·

163 1763 248 1820 mine
262 1766 374 1840 poetae
387 1780 502 1821 ornare
517 1780 646 1822 necesse
657 1780 721 1821 non
735 1763 887 1822 habuisse
898 1763 1023 1821 videtur
1038 1761 1210 1838 (Leonidae
1221 1766 1303 1821 recte
1315 1761 1389 1839 Pl.).

199 1861 305 1919 Mirus
333 1863 382 1918 est
409 1860 521 1919 titulus
546 1861 768 1936 epigrammati
794 1862 829 1919 V.
854 1861 891 1919 31
914 1858 1034 1938 ἄδηλον
1055 1862 1096 1936 Α,
1128 1862 1179 1919 cui
1200 1861 1345 1919 adiunxit
1368 1862 1392 1921 Ο

163 1957 191 2016 oi
211 1955 249 2016 δὲ
270 1954 450 2036 Νικάρχου.
475 1958 536 2016 Η1ο
558 1959 582 2018 O
604 1976 707 2032 neque
729 1975 843 2017 nomen
866 1959 907 2017 ab
925 1959 1119 2017 AomiSsum
1136 1959 1273 2017 restituit
1290 1976 1392 2032 neque

164 2073 220 2128 pro
248 2058 380 2114 auctore
406 2057 446 2114 ab
467 2056 493 2114 A
514 2055 589 2114 dato
610 2056 707 2114 alium
730 2057 852 2131 posuit,
884 2056 937 2114 sed
961 2056 1173 2131 epigramma,
1205 2056 1297 2115 cuius
1318 2074 1391 2114 auc-

162 2155 261 2210 torem
281 2154 439 2212 incertum
457 2154 653 2212 indicaverat
670 2153 711 2229 A,
736 2154 919 2212 dubitanter
937 2153 1048 2211 tribuit
1066 2156 1151 2211 certo
1169 2156 1288 2227 poetae.
1314 2154 1389 2230 Hic,

163 2252 289 2326 opinor,
324 2252 490 2311 Corrector
518 2241 753 2326 proprio'usus
779 2252 907 2326 ingenio
933 2269 972 2308 ex
993 2255 1183 2326 argumento
1204 2251 1393 2326 dicendique

163 2351 285 2407 ratione
314 2352 439 2424 poetam
465 2350 557 2408 eruIt.
588 2350 686 2408 Valde
711 2350 882 2408 dolendum
911 2353 975 2424 est,
1007 2350 1092 2423 quod
1115 2351 1175 2409 hoo
1195 2350 1392 2425 epigramma

164 2464 181 2504 a
202 2447 365 2522 Planude,
390 2448 481 2506 cuius
502 2448 614 2505 titulus
637 2465 703 2506 rem
725 2447 904 2507 diremisset
914 2445 979 2523 10⁷),
1005 2464 1068 2505 non
1088 2451 1249 2522 receptum
1266 2446 1389 2523 est108).

202 2545 381 2619 Usurpanti
410 2545 518 2603 titulos
546 2563 564 2603 a
593 2545 617 2604 0
639 2545 777 2604 adiectos
798 2546 829 2602 in
852 2547 898 2603 eis
920 2545 1014 2603 Anth.
1041 2545 1203 2603 Palatinae
1224 2545 1389 2620 partibuS,

163 2641 223 2700 ubi
251 2640 512 2718 epigrammata
539 2642 607 2702 fere
635 2641 756 2702 omnio
782 2643 964 2702 auctorum
987 2640 1188 2702 cornicibus
1208 2640 1390 2719 Instruxit,

163 2740 338 2798 tenendum
360 2741 457 2814 igitur
479 2742 526 2798 est
549 2741 765 2799 Correctorem
788 2741 947 2799 hominem
971 2758 1048 2799 sane
1069 2757 1140 2799 esse
1160 2740 1224 2798 fide
1238 2740 1389 2817 dignum,

167 2854 412 2912 nonnumquam
435 2855 510 2896 vero
533 2855 614 2914 non,
639 2856 702 2912 qua
724 2842 888 2914 parerat,
913 2839 1075 2913 diligentia
1097 2842 1281 2913 grassatum
1302 2857 1389 2915 esse,

163 2953 265 3010 neque
287 2936 368 2994 adeo
388 2937 586 2994 coniecturas
608 2937 779 3010 sprevisse.
803 2937 934 2995 Minime
954 2939 1058 2995 autem
1081 2937 1294 3010 discrepantia
1317 2937 1392 2996 Gor·

164 3035 294 3092 rectoris
324 3036 420 3107 atque
448 3033 601 3092 Planudis
630 3034 827 3092 demonstrat
855 3035 983 3093 titulum
1008 3035 1093 3092 illius
1119 3034 1226 3092 deberi
1248 3035 1391 3110 ingenio;

162 3133 304 3204 quantae
325 3131 409 3192 enim
431 3133 648 3207 neglegentiae
667 3132 827 3190 Planudes
846 3132 991 3190 fueritin
1010 3133 1276 3206 epigrammatum
1292 3133 1392 3190 titulis

163 3229 379 3300 ascribendis,
414 3229 526 3288 docere
557 3232 660 3302 potest
691 3229 856 3287 titulorum
885 3229 1009 3303 septimi
1036 3228 1108 3285 libri
1138 3229 1291 3287 Planudei
1319 3248 1392 3288 cum

162 3326 256 3398 primi
279 3327 453 3400 Cephalani
477 3325 529 3404 (=
551 3327 612 3385 AP.
631 3325 670 3402 V)
694 3327 887 3401 comparatio
909 3344 927 3385 a
951 3325 1178 3384 Stadtmiillero
1199 3327 1214 3383 I
1237 3345 1267 3401 p.
1284 3328 1392 3386 XXIII

163 3439 233 3496 sqq.
251 3424 412 3499 instituta,
434 3425 474 3482 ad
492 3442 589 3498 quam
608 3425 740 3483 lectores
757 3425 912 3499 relegatos
927 3440 997 3481 esse
1012 3424 1116 3482 velim.
1142 3425 1392 3502 Nonnumquam
1499 3417 1500 3420 '

162 3523 275 3579 neuter
296 3521 473 3596 genuinum
496 3523 714 3597 Cephalanum
736 3522 863 3580 tItulum
886 3525 1026 3580 servavit
1047 3539 1108 3596 e.g.
1128 3523 1267 3595 prirnum
1289 3524 1388 3597 epIgr.

162 3618 257 3677 Antb.
283 3619 484 3693 Cephalanae
507 3618 581 3694 (ΑΡ.
607 3620 642 3677 V.
662 3620 694 3694 l,
719 3620 782 3678 vid.
802 3617 931 3695 supra),
956 3619 1043 3693 quod
1065 3635 1169 3692 neque
1186 3619 1226 3676 ab
1246 3620 1271 3676 A
1290 3637 1392 3695 neque

162 3733 180 3773 a
210 3716 235 3774 C
263 3716 404 3774 auctoris
430 3717 558 3775 nomine
584 3718 743 3775 munitum
765 3720 829 3792 est,
861 3734 878 3775 a
902 3717 1045 3775 Planude
1066 3734 1142 3774 vero
1162 3719 1280 3775 temere
1301 3718 1392 3775 seriei

162 3814 429 3888 epigrammatum
458 3814 609 3889 Meleagri
637 3817 685 3872 est
713 3815 899 3872 adiunctum
931 3814 1034 3890 (Plan.
1060 3815 1129 3872 VII.
1156 3813 1245 3890 115),
1281 3817 1392 3889 procul

162 3911 261 3970 dubio
282 3911 402 3969 Rufino
422 3912 629 3970 tribuendum
650 3912 727 3970 mihi
750 3912 885 3970 videtur.

205 4006 226 4083 ,ξ
254 4009 302 4068 80.
354 4007 450 4082 Quae
480 4008 739 4086 epigrammata
768 4007 871 4068 titolo
901 4008 1008 4069 dubio
1037 4011 1165 4069 ornata
1191 4008 1272 4069 ciat.
1318 4011 1391 4085 Epi-

164 4145 325 4153 -—-—

195 4211 245 4274 107)
278 4214 316 4264 cl.
342 4230 382 4278 ep.
401 4215 455 4264 Vll.
479 4213 528 4263 352
551 4211 695 4264 ἀδέσποτον
718 4213 746 4263 οῖ
767 4212 796 4264 δέ
820 4232 886 4279 φασι
911 4212 1067 4279 Μελεάγρου
1085 4211 1149 4264 αὐτὸ
1167 4210 1232 4263 εἶναι
1251 4217 1278 4266 G.
1305 4217 1390 4266 Plan:

161 4295 314 4348 ἀδέσποτον.
341 4300 399 4350 Vid.
417 4299 429 4360 ,ξ
448 4299 487 4349 81.
507 4303 535 4349 ln
555 4301 653 4350 talibus
670 4302 757 4349 titulis
774 4301 840 4350 illud
859 4296 931 4348 οἶδὲ
948 4302 1015 4349 nihil
1035 4302 1103 4349 valet
1120 4301 1169 4349 nisi
1187 4297 1212 4362 ἤ.

196 4381 246 4444 108)
278 4383 437 4433 Gorrectoris
460 4386 626 4434 coniecturae
650 4388 800 4448 exemplum
827 4401 878 4434 nou
902 4401 962 4434 cum
986 4385 1190 4433 Reitzensteinio
1208 4399 1231 4447 p.
1249 4384 1282 4434 98
1300 4386 1392 4448 depre-

163 4469 301 4517 henderim
327 4470 354 4517 in
381 4470 461 4518 titulo
487 4485 527 4532 ep.
552 4471 580 4520 V.
606 4469 669 4532 307,
697 4485 777 4533 quem
804 4471 856 4518 iam
884 4485 964 4532 supra
991 4485 1013 4531 p.
1040 4469 1090 4516 144
1117 4470 1211 4518 attoli:
1239 4472 1284 4516 τοῦ
1311 4464 1391 4517 αὐτοῦ

161 4551 206 4612 (·-·
223 4548 379 4616 Ἀντιφίλου)
399 4553 433 4615 Α,
451 4555 493 4602 cui
511 4550 527 4616 ἢ
545 4551 645 4616 μᾶλλον
663 4551 816 4618 Φιλοδήμου
835 4552 935 4617 ‘wegen
954 4555 1000 4602 der
1015 4554 1212 4617 Nachahmung
1229 4554 1391 4616 Plrilodems,

163 4637 265 4686 welche
287 4653 316 4686 er
338 4639 406 4686 noch
430 4637 582 4701 empfindet'
607 4639 785 4688 correctorem
811 4639 979 4687 subiunxisse
1003 4655 1026 4687 υ.
1050 4641 1081 4687 cl.
1107 4643 1203 4687 censet.
1231 4640 1315 4687 lmmo
1331 4654 1392 4687 cum

161 4737 203 4784 ep.
235 4724 313 4771 etiam
344 4739 360 4772 a
389 4724 507 4772 Planude
535 4725 669 4773 tribuatur
698 4725 868 4787 Philodamo,
898 4726 1044 4788 genuinum
1074 4725 1184 4772 titulum
1211 4723 1393 4785 Cephalanum

160 4801 307 4868 Ἀντιφίλου
325 4803 341 4872 ἢ
361 4804 512 4871 Φιλοδήμου
532 4809 613 4858 fuisse
631 4810 787 4872 putaverim.

1261 4893 1294 4944 10
