<?xml version="1.0" encoding="UTF-8"?>
<!DOCTYPE html PUBLIC "-//W3C//DTD XHTML 1.0 Transitional//EN"
    "http://www.w3.org/TR/xhtml1/DTD/xhtml1-transitional.dtd">
<html xmlns="http://www.w3.org/1999/xhtml" xml:lang="en" lang="en">
 <head>
  <title>
</title>
<meta http-equiv="Content-Type" content="text/html;charset=utf-8" />
  <meta name='ocr-system' content='tesseract 3.04.00' />
  <meta name='ocr-capabilities' content='ocr_page ocr_carea ocr_par ocr_line ocrx_word'/>
</head>
<body>
  <div class='ocr_page' id='page_1' title='image "./deepigrammatiss00boasgoog_0100.png"; bbox 0 0 3516 5712; ppageno 0'>
   <div class='ocr_carea' id='block_1_1' title="bbox 286 483 1033 572">
    <p class='ocr_par' dir='ltr' id='par_1_1' title="bbox 286 483 1033 572">
     <span class='ocr_line' id='line_1_1' title="bbox 286 483 1033 572; baseline -0.001 -15"><span class='ocrx_word' id='word_1_1' title='bbox 286 537 289 544; x_wconf 83' lang='lat'>·</span> <span class='ocrx_word' id='word_1_2' title='bbox 403 484 478 572; x_wconf 77' lang='lat' dir='ltr'><em>dap.</em></span> <span class='ocrx_word' id='word_1_3' title='bbox 504 485 571 572; x_wconf 86' lang='lat'><em>111,</em></span> <span class='ocrx_word' id='word_1_4' title='bbox 597 485 624 556; x_wconf 86' lang='lat'><em>1.</em></span> <span class='ocrx_word' id='word_1_5' title='bbox 997 483 1033 556; x_wconf 81' lang='grc'><em>13</em></span> 
     </span>
    </p>
   </div>
   <div class='ocr_carea' id='block_1_2' title="bbox 833 697 1189 760">
    <p class='ocr_par' dir='ltr' id='par_1_2' title="bbox 833 697 1189 760">
     <span class='ocr_line' id='line_1_2' title="bbox 833 697 1189 760; baseline 0.003 -1"><span class='ocrx_word' id='word_1_6' title='bbox 833 697 860 760; x_wconf 90' lang='grc'><em>1.</em></span> <span class='ocrx_word' id='word_1_7' title='bbox 906 709 1189 760; x_wconf 83' lang='lat' dir='ltr'><em>ruscnrrrronas.</em></span> 
     </span>
    </p>
   </div>
   <div class='ocr_carea' id='block_1_3' title="bbox 402 875 1631 4876">
    <p class='ocr_par' dir='ltr' id='par_1_3' title="bbox 402 875 1629 3400">
     <span class='ocr_line' id='line_1_3' title="bbox 444 875 1627 957; baseline 0.001 -19"><span class='ocrx_word' id='word_1_8' title='bbox 444 877 535 956; x_wconf 65' lang='lat'>540.</span> <span class='ocrx_word' id='word_1_9' title='bbox 580 875 631 938; x_wconf 85' lang='lat' dir='ltr'><em>De</em></span> <span class='ocrx_word' id='word_1_10' title='bbox 658 875 887 956; x_wconf 68' lang='lat' dir='ltr'><em>inscriptione</em></span> <span class='ocrx_word' id='word_1_11' title='bbox 911 876 1116 956; x_wconf 80' lang='lat' dir='ltr'><em>Maporensi.</em></span> <span class='ocrx_word' id='word_1_12' title='bbox 1162 880 1242 940; x_wconf 87' lang='lat' dir='ltr'><em>Cum</em></span> <span class='ocrx_word' id='word_1_13' title='bbox 1264 881 1296 939; x_wconf 89' lang='lat' dir='ltr'><em>in</em></span> <span class='ocrx_word' id='word_1_14' title='bbox 1319 880 1451 955; x_wconf 88' lang='lat' dir='ltr'><em>antiquo</em></span> <span class='ocrx_word' id='word_1_15' title='bbox 1471 880 1627 957; x_wconf 85' lang='lat' dir='ltr'><em>epigram-</em></span> 
     </span>
     <span class='ocr_line' id='line_1_4' title="bbox 404 977 1628 1054; baseline 0.001 -18"><span class='ocrx_word' id='word_1_16' title='bbox 404 978 496 1037; x_wconf 80' lang='lat' dir='ltr'><em>matis</em></span> <span class='ocrx_word' id='word_1_17' title='bbox 518 979 602 1036; x_wconf 90' lang='lat' dir='ltr'><em>statu</em></span> <span class='ocrx_word' id='word_1_18' title='bbox 625 979 716 1052; x_wconf 88' lang='lat' dir='ltr'><em>poeta</em></span> <span class='ocrx_word' id='word_1_19' title='bbox 739 994 802 1036; x_wconf 93' lang='lat' dir='ltr'><em>non</em></span> <span class='ocrx_word' id='word_1_20' title='bbox 822 979 985 1052; x_wconf 90' lang='lat' dir='ltr'><em>respectus</em></span> <span class='ocrx_word' id='word_1_21' title='bbox 1001 977 1057 1052; x_wconf 91' lang='lat' dir='ltr'><em>sit,</em></span> <span class='ocrx_word' id='word_1_22' title='bbox 1082 977 1200 1036; x_wconf 90' lang='lat' dir='ltr'><em>nedum</em></span> <span class='ocrx_word' id='word_1_23' title='bbox 1216 995 1331 1036; x_wconf 92' lang='lat' dir='ltr'><em>nomen</em></span> <span class='ocrx_word' id='word_1_24' title='bbox 1346 978 1415 1038; x_wconf 90' lang='lat' dir='ltr'><em>eius</em></span> <span class='ocrx_word' id='word_1_25' title='bbox 1429 979 1628 1054; x_wconf 90' lang='lat' dir='ltr'><em>inscriptioni</em></span> 
     </span>
     <span class='ocr_line' id='line_1_5' title="bbox 403 1075 1628 1153; baseline 0.001 -19"><span class='ocrx_word' id='word_1_26' title='bbox 403 1075 562 1149; x_wconf 91' lang='lat' dir='ltr'><em>additum,</em></span> <span class='ocrx_word' id='word_1_27' title='bbox 604 1075 695 1134; x_wconf 91' lang='lat' dir='ltr'><em>valde</em></span> <span class='ocrx_word' id='word_1_28' title='bbox 732 1075 829 1134; x_wconf 90' lang='lat' dir='ltr'><em>miros</em></span> <span class='ocrx_word' id='word_1_29' title='bbox 866 1092 924 1134; x_wconf 92' lang='lat' dir='ltr'><em>nos</em></span> <span class='ocrx_word' id='word_1_30' title='bbox 960 1075 1071 1150; x_wconf 90' lang='lat' dir='ltr'><em>habet,</em></span> <span class='ocrx_word' id='word_1_31' title='bbox 1112 1075 1199 1149; x_wconf 91' lang='lat' dir='ltr'><em>quod</em></span> <span class='ocrx_word' id='word_1_32' title='bbox 1237 1093 1340 1134; x_wconf 91' lang='lat' dir='ltr'><em>unum</em></span> <span class='ocrx_word' id='word_1_33' title='bbox 1377 1075 1440 1153; x_wconf 88' lang='lat' dir='ltr'><em>(ep.</em></span> <span class='ocrx_word' id='word_1_34' title='bbox 1478 1075 1550 1153; x_wconf 82' lang='lat'>107)</span> <span class='ocrx_word' id='word_1_35' title='bbox 1590 1095 1628 1135; x_wconf 89' lang='lat' dir='ltr'><em>ex</em></span> 
     </span>
     <span class='ocr_line' id='line_1_6' title="bbox 402 1172 1628 1248; baseline 0.001 -17"><span class='ocrx_word' id='word_1_36' title='bbox 402 1173 545 1248; x_wconf 90' lang='lat' dir='ltr'><em>quinque</em></span> <span class='ocrx_word' id='word_1_37' title='bbox 582 1173 836 1248; x_wconf 76' lang='lat' dir='ltr'><em>epigrammatiS,</em></span> <span class='ocrx_word' id='word_1_38' title='bbox 878 1190 1016 1247; x_wconf 90' lang='lat' dir='ltr'><em>quorum</em></span> <span class='ocrx_word' id='word_1_39' title='bbox 1057 1172 1208 1247; x_wconf 86' lang='lat' dir='ltr'><em>reliquiae</em></span> <span class='ocrx_word' id='word_1_40' title='bbox 1238 1173 1270 1232; x_wconf 92' lang='lat' dir='ltr'><em>in</em></span> <span class='ocrx_word' id='word_1_41' title='bbox 1303 1174 1381 1248; x_wconf 90' lang='lat' dir='ltr'><em>ipsis</em></span> <span class='ocrx_word' id='word_1_42' title='bbox 1413 1175 1628 1233; x_wconf 84' lang='lat' dir='ltr'><em>marmoribus</em></span> 
     </span>
     <span class='ocr_line' id='line_1_7' title="bbox 402 1270 1627 1346; baseline 0.002 -16"><span class='ocrx_word' id='word_1_43' title='bbox 402 1272 619 1345; x_wconf 91' lang='lat' dir='ltr'><em>inveniuntur,</em></span> <span class='ocrx_word' id='word_1_44' title='bbox 638 1270 734 1344; x_wconf 89' lang='lat' dir='ltr'><em>idque</em></span> <span class='ocrx_word' id='word_1_45' title='bbox 748 1270 877 1330; x_wconf 82' lang='lat' dir='ltr'><em>aliunde</em></span> <span class='ocrx_word' id='word_1_46' title='bbox 893 1270 1054 1346; x_wconf 86' lang='lat' dir='ltr'><em>ignotum,</em></span> <span class='ocrx_word' id='word_1_47' title='bbox 1072 1270 1104 1328; x_wconf 91' lang='lat' dir='ltr'><em>in</em></span> <span class='ocrx_word' id='word_1_48' title='bbox 1120 1270 1224 1346; x_wconf 90' lang='lat' dir='ltr'><em>lapide</em></span> <span class='ocrx_word' id='word_1_49' title='bbox 1238 1270 1308 1346; x_wconf 90' lang='lat' dir='ltr'><em>ipso</em></span> <span class='ocrx_word' id='word_1_50' title='bbox 1325 1271 1506 1331; x_wconf 78' lang='lat' dir='ltr'><em>Simonides</em></span> <span class='ocrx_word' id='word_1_51' title='bbox 1521 1276 1627 1332; x_wconf 89' lang='lat' dir='ltr'><em>aucto·</em></span> 
     </span>
     <span class='ocr_line' id='line_1_8' title="bbox 403 1367 1624 1446; baseline 0.001 -18"><span class='ocrx_word' id='word_1_52' title='bbox 403 1370 494 1428; x_wconf 89' lang='lat' dir='ltr'><em>ritate</em></span> <span class='ocrx_word' id='word_1_53' title='bbox 515 1371 664 1428; x_wconf 92' lang='lat' dir='ltr'><em>ornatum</em></span> <span class='ocrx_word' id='word_1_54' title='bbox 678 1371 736 1426; x_wconf 86' lang='lat' dir='ltr'><em>est.</em></span> <span class='ocrx_word' id='word_1_55' title='bbox 754 1367 900 1428; x_wconf 85' lang='lat' dir='ltr'><em>Attamen</em></span> <span class='ocrx_word' id='word_1_56' title='bbox 915 1367 1080 1442; x_wconf 75' lang='lat' dir='ltr'><em>inscriptio</em></span> <span class='ocrx_word' id='word_1_57' title='bbox 1093 1367 1146 1426; x_wconf 87' lang='lat' dir='ltr'><em>iha</em></span> <span class='ocrx_word' id='word_1_58' title='bbox 1161 1370 1277 1442; x_wconf 90' lang='lat' dir='ltr'><em>quarto</em></span> <span class='ocrx_word' id='word_1_59' title='bbox 1292 1369 1341 1427; x_wconf 90' lang='lat' dir='ltr'><em>vel</em></span> <span class='ocrx_word' id='word_1_60' title='bbox 1356 1369 1467 1443; x_wconf 91' lang='lat' dir='ltr'><em>quinto</em></span> <span class='ocrx_word' id='word_1_61' title='bbox 1482 1370 1608 1429; x_wconf 90' lang='lat' dir='ltr'><em>demum</em></span> <span class='ocrx_word' id='word_1_62' title='bbox 1617 1416 1624 1446; x_wconf 94' lang='lat'><em>,</em></span> 
     </span>
     <span class='ocr_line' id='line_1_9' title="bbox 402 1465 1627 1540; baseline 0.002 -15"><span class='ocrx_word' id='word_1_63' title='bbox 402 1467 540 1526; x_wconf 91' lang='lat' dir='ltr'><em>fortasse</em></span> <span class='ocrx_word' id='word_1_64' title='bbox 565 1466 643 1525; x_wconf 87' lang='lat' dir='ltr'><em>adeo</em></span> <span class='ocrx_word' id='word_1_65' title='bbox 672 1469 778 1540; x_wconf 84' lang='lat' dir='ltr'><em>sextu,</em></span> <span class='ocrx_word' id='word_1_66' title='bbox 809 1467 881 1540; x_wconf 91' lang='lat' dir='ltr'><em>post</em></span> <span class='ocrx_word' id='word_1_67' title='bbox 909 1465 985 1524; x_wconf 83' lang='lat' dir='ltr'><em>Ohr.</em></span> <span class='ocrx_word' id='word_1_68' title='bbox 1009 1482 1040 1523; x_wconf 92' lang='lat' dir='ltr'><em>n.</em></span> <span class='ocrx_word' id='word_1_69' title='bbox 1066 1466 1192 1524; x_wconf 89' lang='lat' dir='ltr'><em>saeculo</em></span> <span class='ocrx_word' id='word_1_70' title='bbox 1215 1469 1263 1524; x_wconf 87' lang='lat' dir='ltr'><em>est</em></span> <span class='ocrx_word' id='word_1_71' title='bbox 1284 1466 1394 1526; x_wconf 88' lang='lat' dir='ltr'><em>incisa.</em></span> <span class='ocrx_word' id='word_1_72' title='bbox 1426 1466 1519 1527; x_wconf 83' lang='lat' dir='ltr'><em>Edita</em></span> <span class='ocrx_word' id='word_1_73' title='bbox 1541 1471 1589 1527; x_wconf 91' lang='lat' dir='ltr'><em>est</em></span> <span class='ocrx_word' id='word_1_74' title='bbox 1610 1486 1627 1526; x_wconf 88' lang='lat' dir='ltr'><em>a</em></span> 
     </span>
     <span class='ocr_line' id='line_1_10' title="bbox 404 1552 1625 1643; baseline 0.003 -21"><span class='ocrx_word' id='word_1_75' title='bbox 404 1564 561 1624; x_wconf 86' lang='lat' dir='ltr'><em>Boeokhio</em></span> <span class='ocrx_word' id='word_1_76' title='bbox 588 1581 606 1622; x_wconf 93' lang='lat' dir='ltr'><em>e</em></span> <span class='ocrx_word' id='word_1_77' title='bbox 627 1563 752 1622; x_wconf 91' lang='lat' dir='ltr'><em>schedis</em></span> <span class='ocrx_word' id='word_1_78' title='bbox 774 1563 961 1622; x_wconf 85' lang='lat' dir='ltr'><em>Fourmonti</em></span> <span class='ocrx_word' id='word_1_79' title='bbox 983 1562 1064 1623; x_wconf 84' lang='lat' dir='ltr'>OIG.</span> <span class='ocrx_word' id='word_1_80' title='bbox 1090 1561 1164 1622; x_wconf 86' lang='lat'>1051</span> <span class='ocrx_word' id='word_1_81' title='bbox 1190 1552 1290 1639; x_wconf 79' lang='lat' dir='ltr'><em>(unde</em></span> <span class='ocrx_word' id='word_1_82' title='bbox 1311 1565 1442 1641; x_wconf 91' lang='lat' dir='ltr'><em>repetita</em></span> <span class='ocrx_word' id='word_1_83' title='bbox 1464 1565 1625 1643; x_wconf 84' lang='lat' dir='ltr'><em>ClGSept.</em></span> 
     </span>
     <span class='ocr_line' id='line_1_11' title="bbox 403 1659 1627 1737; baseline 0.002 -17"><span class='ocrx_word' id='word_1_84' title='bbox 403 1663 430 1722; x_wconf 90' lang='grc' dir='ltr'><em>Ι.</em></span> <span class='ocrx_word' id='word_1_85' title='bbox 453 1661 506 1736; x_wconf 85' lang='grc'><em>53,</em></span> <span class='ocrx_word' id='word_1_86' title='bbox 532 1661 621 1720; x_wconf 88' lang='lat' dir='ltr'><em>Kaib.</em></span> <span class='ocrx_word' id='word_1_87' title='bbox 638 1659 722 1737; x_wconf 83' lang='lat'><strong>461).</strong></span> <span class='ocrx_word' id='word_1_88' title='bbox 748 1661 857 1735; x_wconf 89' lang='lat' dir='ltr'><em>Lapis,</em></span> <span class='ocrx_word' id='word_1_89' title='bbox 882 1660 938 1735; x_wconf 91' lang='lat' dir='ltr'><em>qui</em></span> <span class='ocrx_word' id='word_1_90' title='bbox 958 1661 1130 1720; x_wconf 87' lang='lat' dir='ltr'><em>evanuisse</em></span> <span class='ocrx_word' id='word_1_91' title='bbox 1143 1661 1312 1720; x_wconf 90' lang='lat' dir='ltr'><em>videbatur</em></span> <span class='ocrx_word' id='word_1_92' title='bbox 1326 1665 1422 1737; x_wconf 91' lang='lat' dir='ltr'><em>atque</em></span> <span class='ocrx_word' id='word_1_93' title='bbox 1436 1662 1490 1721; x_wconf 92' lang='lat' dir='ltr'><em>diu</em></span> <span class='ocrx_word' id='word_1_94' title='bbox 1506 1664 1627 1723; x_wconf 90' lang='lat' dir='ltr'><em>frustra</em></span> 
     </span>
     <span class='ocr_line' id='line_1_12' title="bbox 403 1749 1627 1835; baseline 0 -16"><span class='ocrx_word' id='word_1_95' title='bbox 403 1764 471 1819; x_wconf 88' lang='lat' dir='ltr'><em>erat</em></span> <span class='ocrx_word' id='word_1_96' title='bbox 491 1759 672 1835; x_wconf 78' lang='lat' dir='ltr'><em>quaesituS,</em></span> <span class='ocrx_word' id='word_1_97' title='bbox 697 1775 783 1818; x_wconf 88' lang='lat' dir='ltr'><em>anno</em></span> <span class='ocrx_word' id='word_1_98' title='bbox 795 1749 872 1818; x_wconf 86' lang='grc'><strong>1893</strong></span> <span class='ocrx_word' id='word_1_99' title='bbox 886 1758 995 1817; x_wconf 91' lang='lat' dir='ltr'><em>eodem</em></span> <span class='ocrx_word' id='word_1_100' title='bbox 1010 1759 1095 1834; x_wconf 86' lang='lat' dir='ltr'><em>loen,</em></span> <span class='ocrx_word' id='word_1_101' title='bbox 1120 1775 1183 1833; x_wconf 93' lang='lat' dir='ltr'><em>quo</em></span> <span class='ocrx_word' id='word_1_102' title='bbox 1198 1759 1375 1818; x_wconf 86' lang='lat' dir='ltr'><em>Fourmont</em></span> <span class='ocrx_word' id='word_1_103' title='bbox 1389 1759 1627 1835; x_wconf 81' lang='lat' dir='ltr'><em>inscriptionem</em></span> 
     </span>
     <span class='ocr_line' id='line_1_13' title="bbox 403 1856 1627 1934; baseline -0.002 -16"><span class='ocrx_word' id='word_1_104' title='bbox 403 1859 631 1934; x_wconf 77' lang='lat' dir='ltr'><em>descripserat,</em></span> <span class='ocrx_word' id='word_1_105' title='bbox 673 1856 913 1931; x_wconf 88' lang='lat' dir='ltr'><em>Palaeoohorio,</em></span> <span class='ocrx_word' id='word_1_106' title='bbox 955 1856 987 1914; x_wconf 92' lang='lat' dir='ltr'><em>in</em></span> <span class='ocrx_word' id='word_1_107' title='bbox 1024 1857 1093 1915; x_wconf 92' lang='lat' dir='ltr'><em>loco</em></span> <span class='ocrx_word' id='word_1_108' title='bbox 1124 1857 1313 1932; x_wconf 86' lang='lat' dir='ltr'><em>Megaridis,</em></span> <span class='ocrx_word' id='word_1_109' title='bbox 1355 1859 1500 1932; x_wconf 87' lang='lat' dir='ltr'><em>repertus</em></span> <span class='ocrx_word' id='word_1_110' title='bbox 1531 1860 1580 1916; x_wconf 90' lang='lat' dir='ltr'><em>est</em></span> <span class='ocrx_word' id='word_1_111' title='bbox 1609 1875 1627 1916; x_wconf 91' lang='lat' dir='ltr'><em>a</em></span> 
     </span>
     <span class='ocr_line' id='line_1_14' title="bbox 402 1953 1625 2031; baseline -0.001 -15"><span class='ocrx_word' id='word_1_112' title='bbox 402 1957 582 2031; x_wconf 90' lang='lat' dir='ltr'><em>Wilhelmo,</em></span> <span class='ocrx_word' id='word_1_113' title='bbox 614 1955 664 2014; x_wconf 92' lang='lat' dir='ltr'><em>cui</em></span> <span class='ocrx_word' id='word_1_114' title='bbox 693 1953 920 2012; x_wconf 90' lang='lat' dir='ltr'><em>nitidissimum</em></span> <span class='ocrx_word' id='word_1_115' title='bbox 948 1953 1101 2012; x_wconf 88' lang='lat' dir='ltr'><em>debemus</em></span> <span class='ocrx_word' id='word_1_116' title='bbox 1126 1954 1348 2030; x_wconf 85' lang='lat' dir='ltr'><em>apographum</em></span> <span class='ocrx_word' id='word_1_117' title='bbox 1371 1953 1415 2031; x_wconf 90' lang='lat' dir='ltr'><em>(p.</em></span> <span class='ocrx_word' id='word_1_118' title='bbox 1440 1953 1625 2031; x_wconf 82' lang='lat'><strong>236-242).</strong></span> 
     </span>
     <span class='ocr_line' id='line_1_15' title="bbox 403 2050 1625 2129; baseline -0.002 -15"><span class='ocrx_word' id='word_1_119' title='bbox 403 2055 452 2114; x_wconf 83' lang='lat' dir='ltr'><em>Ex</em></span> <span class='ocrx_word' id='word_1_120' title='bbox 476 2073 513 2114; x_wconf 91' lang='lat' dir='ltr'><em>eo</em></span> <span class='ocrx_word' id='word_1_121' title='bbox 535 2052 716 2114; x_wconf 88' lang='lat' dir='ltr'><em>Hicks-Hill</em></span> <span class='ocrx_word' id='word_1_122' title='bbox 739 2050 882 2127; x_wconf 81' lang='lat' dir='ltr'><em>(Manual</em></span> <span class='ocrx_word' id='word_1_123' title='bbox 908 2051 942 2108; x_wconf 93' lang='grc'><em>01</em></span> <span class='ocrx_word' id='word_1_124' title='bbox 968 2051 1071 2110; x_wconf 82' lang='lat' dir='ltr'><em>Greek</em></span> <span class='ocrx_word' id='word_1_125' title='bbox 1100 2051 1182 2109; x_wconf 92' lang='lat' dir='ltr'><em>Hist.</em></span> <span class='ocrx_word' id='word_1_126' title='bbox 1208 2052 1330 2126; x_wconf 87' lang='lat' dir='ltr'><em>Inscr.,</em></span> <span class='ocrx_word' id='word_1_127' title='bbox 1356 2051 1429 2112; x_wconf 86' lang='lat' dir='ltr'><em>Oxf.</em></span> <span class='ocrx_word' id='word_1_128' title='bbox 1455 2051 1547 2129; x_wconf 82' lang='lat'>1901)</span> <span class='ocrx_word' id='word_1_129' title='bbox 1578 2053 1625 2112; x_wconf 83' lang='lat'><em>17.</em></span> 
     </span>
     <span class='ocr_line' id='line_1_16' title="bbox 404 2145 1628 2227; baseline -0.004 -15"><span class='ocrx_word' id='word_1_130' title='bbox 404 2153 544 2212; x_wconf 82' lang='lat' dir='ltr'><em>Carmini</em></span> <span class='ocrx_word' id='word_1_131' title='bbox 572 2149 769 2227; x_wconf 89' lang='lat' dir='ltr'><em>prooemium</em></span> <span class='ocrx_word' id='word_1_132' title='bbox 790 2149 850 2207; x_wconf 89' lang='lat' dir='ltr'><em>hoc</em></span> <span class='ocrx_word' id='word_1_133' title='bbox 870 2149 1083 2223; x_wconf 90' lang='lat' dir='ltr'><em>praemissum</em></span> <span class='ocrx_word' id='word_1_134' title='bbox 1105 2151 1166 2207; x_wconf 91' lang='lat' dir='ltr'><em>est:</em></span> <span class='ocrx_word' id='word_1_135' title='bbox 1189 2145 1223 2208; x_wconf 79' lang='grc' dir='ltr'><em>τὸ</em></span> <span class='ocrx_word' id='word_1_136' title='bbox 1245 2146 1428 2226; x_wconf 75' lang='grc' dir='ltr'><em>ἐπίγραμμα</em></span> <span class='ocrx_word' id='word_1_137' title='bbox 1450 2152 1513 2209; x_wconf 82' lang='grc' dir='ltr'><em>τῶν</em></span> <span class='ocrx_word' id='word_1_138' title='bbox 1534 2148 1628 2209; x_wconf 77' lang='grc' dir='ltr'><em>ἐντῶ</em></span> 
     </span>
     <span class='ocr_line' id='line_1_17' title="bbox 402 2242 1627 2327; baseline -0.002 -19"><span class='ocrx_word' id='word_1_139' title='bbox 402 2246 555 2327; x_wconf 83' lang='grc' dir='ltr'><em>ΙΙερσικῶ</em></span> <span class='ocrx_word' id='word_1_140' title='bbox 572 2246 705 2324; x_wconf 80' lang='grc' dir='ltr'><em>πολέμω</em></span> <span class='ocrx_word' id='word_1_141' title='bbox 725 2242 956 2306; x_wconf 73' lang='grc' dir='ltr'><em>ἀποθανόντων</em></span> <span class='ocrx_word' id='word_1_142' title='bbox 973 2243 1009 2305; x_wconf 75' lang='lat' dir='ltr'><em>xi</em></span> <span class='ocrx_word' id='word_1_143' title='bbox 1027 2243 1211 2323; x_wconf 83' lang='grc' dir='ltr'><em>κειμένω[ν]</em></span> <span class='ocrx_word' id='word_1_144' title='bbox 1232 2245 1236 2321; x_wconf 87' lang='grc'><em>1</em></span> <span class='ocrx_word' id='word_1_145' title='bbox 1255 2244 1392 2307; x_wconf 77' lang='grc' dir='ltr'><em>ἐνταῦθα</em></span> <span class='ocrx_word' id='word_1_146' title='bbox 1409 2245 1529 2326; x_wconf 77' lang='grc' dir='ltr'><em>ἡρώων</em></span> <span class='ocrx_word' id='word_1_147' title='bbox 1547 2245 1627 2307; x_wconf 83' lang='grc' dir='ltr'><em>ἀπο-</em></span> 
     </span>
     <span class='ocr_line' id='line_1_18' title="bbox 402 2340 1629 2425; baseline -0.002 -17"><span class='ocrx_word' id='word_1_148' title='bbox 402 2345 537 2425; x_wconf 82' lang='grc' dir='ltr'><em>λόμενον</em></span> <span class='ocrx_word' id='word_1_149' title='bbox 555 2344 589 2406; x_wconf 81' lang='grc' dir='ltr'><em>δὲ</em></span> <span class='ocrx_word' id='word_1_150' title='bbox 606 2348 651 2404; x_wconf 86' lang='grc' dir='ltr'><em>τῶ</em></span> <span class='ocrx_word' id='word_1_151' title='bbox 665 2341 774 2424; x_wconf 85' lang='grc' dir='ltr'><em>χρόνω</em></span> <span class='ocrx_word' id='word_1_152' title='bbox 787 2340 948 2410; x_wconf 79' lang='grc' dir='ltr'><em>Ἑλλάόως</em></span> <span class='ocrx_word' id='word_1_153' title='bbox 964 2341 981 2402; x_wconf 85' lang='grc' dir='ltr'>ὁ</span> <span class='ocrx_word' id='word_1_154' title='bbox 996 2340 1158 2422; x_wconf 82' lang='grc' dir='ltr'><em>ἀρχιερεὺς</em></span> <span class='ocrx_word' id='word_1_155' title='bbox 1172 2341 1330 2421; x_wconf 82' lang='grc' dir='ltr'><strong><em>ε’πιγρ[α]-</em></strong></span> <span class='ocrx_word' id='word_1_156' title='bbox 1349 2343 1354 2423; x_wconf 72' lang='lat' dir='ltr'><em>l</em></span> <span class='ocrx_word' id='word_1_157' title='bbox 1372 2348 1471 2424; x_wconf 82' lang='grc' dir='ltr'><em>φῆναι</em></span> <span class='ocrx_word' id='word_1_158' title='bbox 1484 2343 1629 2424; x_wconf 82' lang='grc' dir='ltr'><em>ἐποίησεν</em></span> 
     </span>
     <span class='ocr_line' id='line_1_19' title="bbox 403 2439 1628 2523; baseline -0.003 -18"><span class='ocrx_word' id='word_1_159' title='bbox 403 2445 429 2512; x_wconf 73' lang='lat' dir='ltr'><em>ic</em></span> <span class='ocrx_word' id='word_1_160' title='bbox 449 2443 556 2523; x_wconf 80' lang='grc' dir='ltr'><em>τειμὴν</em></span> <span class='ocrx_word' id='word_1_161' title='bbox 577 2446 640 2503; x_wconf 81' lang='grc' dir='ltr'><em>τῶν</em></span> <span class='ocrx_word' id='word_1_162' title='bbox 660 2441 816 2520; x_wconf 86' lang='grc' dir='ltr'><em>κειμένων</em></span> <span class='ocrx_word' id='word_1_163' title='bbox 833 2440 887 2501; x_wconf 86' lang='grc' dir='ltr'><em>καὶ</em></span> <span class='ocrx_word' id='word_1_164' title='bbox 904 2446 957 2520; x_wconf 88' lang='grc' dir='ltr'><em>τῆς</em></span> <span class='ocrx_word' id='word_1_165' title='bbox 973 2439 1108 2507; x_wconf 82' lang='grc' dir='ltr'><em>πόλεως.</em></span> <span class='ocrx_word' id='word_1_166' title='bbox 1129 2439 1350 2521; x_wconf 83' lang='grc' dir='ltr'><em>Σιμωνίὸης</em></span> <span class='ocrx_word' id='word_1_167' title='bbox 1368 2441 1474 2503; x_wconf 81' lang='grc' dir='ltr'><strong>ἐποίει.</strong></span> <span class='ocrx_word' id='word_1_168' title='bbox 1498 2443 1628 2511; x_wconf 85' lang='lat' dir='ltr'><em>Quaeri-</em></span> 
     </span>
     <span class='ocr_line' id='line_1_20' title="bbox 402 2539 1628 2618; baseline -0.002 -16"><span class='ocrx_word' id='word_1_169' title='bbox 402 2546 466 2618; x_wconf 90' lang='lat' dir='ltr'><em>tur,</em></span> <span class='ocrx_word' id='word_1_170' title='bbox 491 2542 576 2600; x_wconf 90' lang='lat' dir='ltr'><em>unde</em></span> <span class='ocrx_word' id='word_1_171' title='bbox 597 2541 764 2601; x_wconf 84' lang='lat' dir='ltr'><em>HeHadius</em></span> <span class='ocrx_word' id='word_1_172' title='bbox 785 2541 869 2599; x_wconf 90' lang='lat' dir='ltr'><em>mille</em></span> <span class='ocrx_word' id='word_1_173' title='bbox 890 2542 961 2615; x_wconf 92' lang='lat' dir='ltr'><em>post</em></span> <span class='ocrx_word' id='word_1_174' title='bbox 980 2540 1061 2598; x_wconf 89' lang='lat' dir='ltr'><em>bella</em></span> <span class='ocrx_word' id='word_1_175' title='bbox 1076 2539 1196 2599; x_wconf 87' lang='lat' dir='ltr'><em>Medica</em></span> <span class='ocrx_word' id='word_1_176' title='bbox 1212 2540 1306 2599; x_wconf 92' lang='lat' dir='ltr'><em>annis</em></span> <span class='ocrx_word' id='word_1_177' title='bbox 1322 2558 1437 2600; x_wconf 92' lang='lat' dir='ltr'><em>nomen</em></span> <span class='ocrx_word' id='word_1_178' title='bbox 1456 2540 1628 2600; x_wconf 90' lang='lat' dir='ltr'><em>Simonidis</em></span> 
     </span>
     <span class='ocr_line' id='line_1_21' title="bbox 403 2638 1629 2715; baseline -0.001 -16"><span class='ocrx_word' id='word_1_179' title='bbox 403 2640 535 2715; x_wconf 90' lang='lat' dir='ltr'><em>adipisci</em></span> <span class='ocrx_word' id='word_1_180' title='bbox 570 2639 723 2714; x_wconf 87' lang='lat' dir='ltr'><em>potuerit,</em></span> <span class='ocrx_word' id='word_1_181' title='bbox 761 2655 825 2712; x_wconf 91' lang='lat' dir='ltr'><em>qua</em></span> <span class='ocrx_word' id='word_1_182' title='bbox 860 2655 933 2696; x_wconf 88' lang='lat' dir='ltr'><em>cum</em></span> <span class='ocrx_word' id='word_1_183' title='bbox 962 2655 995 2696; x_wconf 91' lang='lat' dir='ltr'><em>re</em></span> <span class='ocrx_word' id='word_1_184' title='bbox 1021 2638 1119 2696; x_wconf 89' lang='lat' dir='ltr'><em>altera</em></span> <span class='ocrx_word' id='word_1_185' title='bbox 1148 2640 1216 2696; x_wconf 91' lang='lat' dir='ltr'><em>arte</em></span> <span class='ocrx_word' id='word_1_186' title='bbox 1243 2639 1389 2698; x_wconf 85' lang='lat' dir='ltr'><em>cohaeret</em></span> <span class='ocrx_word' id='word_1_187' title='bbox 1417 2641 1562 2714; x_wconf 88' lang='lat' dir='ltr'><em>quaestio</em></span> <span class='ocrx_word' id='word_1_188' title='bbox 1590 2640 1629 2698; x_wconf 91' lang='lat' dir='ltr'><em>de</em></span> 
     </span>
     <span class='ocr_line' id='line_1_22' title="bbox 403 2734 1628 2814; baseline -0.002 -17"><span class='ocrx_word' id='word_1_189' title='bbox 403 2736 641 2814; x_wconf 84' lang='lat' dir='ltr'><em>epigrammatis</em></span> <span class='ocrx_word' id='word_1_190' title='bbox 663 2735 765 2812; x_wconf 87' lang='lat' dir='ltr'><em>ipsius</em></span> <span class='ocrx_word' id='word_1_191' title='bbox 787 2736 884 2794; x_wconf 90' lang='lat' dir='ltr'><em>fonte.</em></span> <span class='ocrx_word' id='word_1_192' title='bbox 908 2736 946 2793; x_wconf 92' lang='lat' dir='ltr'><em>In</em></span> <span class='ocrx_word' id='word_1_193' title='bbox 969 2752 1065 2809; x_wconf 92' lang='lat' dir='ltr'><em>quam</em></span> <span class='ocrx_word' id='word_1_194' title='bbox 1088 2735 1293 2794; x_wconf 90' lang='lat' dir='ltr'><em>Wilamowitz</em></span> <span class='ocrx_word' id='word_1_195' title='bbox 1318 2734 1362 2812; x_wconf 87' lang='lat' dir='ltr'><em>(p.</em></span> <span class='ocrx_word' id='word_1_196' title='bbox 1387 2735 1459 2813; x_wconf 83' lang='lat'><strong>321)</strong></span> <span class='ocrx_word' id='word_1_197' title='bbox 1483 2738 1510 2796; x_wconf 91' lang='lat' dir='ltr'><em>si</em></span> <span class='ocrx_word' id='word_1_198' title='bbox 1525 2738 1628 2813; x_wconf 92' lang='lat' dir='ltr'><em>inqui-</em></span> 
     </span>
     <span class='ocr_line' id='line_1_23' title="bbox 403 2832 1628 2909; baseline 0.001 -15"><span class='ocrx_word' id='word_1_199' title='bbox 403 2836 546 2909; x_wconf 89' lang='lat' dir='ltr'><em>sivisset,</em></span> <span class='ocrx_word' id='word_1_200' title='bbox 579 2851 643 2892; x_wconf 92' lang='lat' dir='ltr'><em>non</em></span> <span class='ocrx_word' id='word_1_201' title='bbox 668 2832 782 2908; x_wconf 91' lang='lat' dir='ltr'><em>opinor</em></span> <span class='ocrx_word' id='word_1_202' title='bbox 808 2833 986 2908; x_wconf 89' lang='lat' dir='ltr'><em>putavisset</em></span> <span class='ocrx_word' id='word_1_203' title='bbox 1007 2833 1189 2907; x_wconf 81' lang='lat' dir='ltr'><em>pontificem</em></span> <span class='ocrx_word' id='word_1_204' title='bbox 1210 2834 1316 2909; x_wconf 90' lang='lat' dir='ltr'><em>ipsum</em></span> <span class='ocrx_word' id='word_1_205' title='bbox 1339 2852 1411 2893; x_wconf 92' lang='lat' dir='ltr'><em>cum</em></span> <span class='ocrx_word' id='word_1_206' title='bbox 1434 2837 1628 2895; x_wconf 87' lang='lat' dir='ltr'><em>restauraret</em></span> 
     </span>
     <span class='ocr_line' id='line_1_24' title="bbox 403 2930 1627 3009; baseline 0 -17"><span class='ocrx_word' id='word_1_207' title='bbox 403 2934 599 3009; x_wconf 87' lang='lat' dir='ltr'><em>epigramma</em></span> <span class='ocrx_word' id='word_1_208' title='bbox 627 2931 795 2990; x_wconf 79' lang='lat' dir='ltr'><em>effinxisse</em></span> <span class='ocrx_word' id='word_1_209' title='bbox 825 2930 1040 2990; x_wconf 85' lang='lat' dir='ltr'><em>Simonideam</em></span> <span class='ocrx_word' id='word_1_210' title='bbox 1061 2931 1292 2991; x_wconf 90' lang='lat' dir='ltr'><em>auctoritatem.</em></span> <span class='ocrx_word' id='word_1_211' title='bbox 1326 2932 1501 2992; x_wconf 90' lang='lat' dir='ltr'><em>Videturne</em></span> <span class='ocrx_word' id='word_1_212' title='bbox 1523 2936 1627 2993; x_wconf 91' lang='lat' dir='ltr'><em>autem</em></span> 
     </span>
     <span class='ocr_line' id='line_1_25' title="bbox 403 3028 1629 3107; baseline 0 -17"><span class='ocrx_word' id='word_1_213' title='bbox 403 3030 570 3090; x_wconf 89' lang='lat' dir='ltr'><em>Helladius</em></span> <span class='ocrx_word' id='word_1_214' title='bbox 598 3030 726 3088; x_wconf 91' lang='lat' dir='ltr'><em>novisse</em></span> <span class='ocrx_word' id='word_1_215' title='bbox 753 3032 996 3088; x_wconf 89' lang='lat' dir='ltr'><em>monumentum</em></span> <span class='ocrx_word' id='word_1_216' title='bbox 1025 3028 1219 3104; x_wconf 77' lang='lat' dir='ltr'><em>antiquum?</em></span> <span class='ocrx_word' id='word_1_217' title='bbox 1252 3031 1323 3089; x_wconf 91' lang='lat' dir='ltr'><em>Hoc</em></span> <span class='ocrx_word' id='word_1_218' title='bbox 1349 3030 1523 3090; x_wconf 89' lang='lat' dir='ltr'><em>credidisse</em></span> <span class='ocrx_word' id='word_1_219' title='bbox 1552 3035 1629 3107; x_wconf 88' lang='lat' dir='ltr'><em>puto</em></span> 
     </span>
     <span class='ocr_line' id='line_1_26' title="bbox 403 3126 1629 3206; baseline -0.002 -18"><span class='ocrx_word' id='word_1_220' title='bbox 403 3131 529 3206; x_wconf 91' lang='lat' dir='ltr'><em>praeter</em></span> <span class='ocrx_word' id='word_1_221' title='bbox 566 3127 838 3187; x_wconf 88' lang='lat' dir='ltr'><em>Wilamowitzium</em></span> <span class='ocrx_word' id='word_1_222' title='bbox 879 3126 1072 3201; x_wconf 90' lang='lat' dir='ltr'><em>Kaibelium,</em></span> <span class='ocrx_word' id='word_1_223' title='bbox 1115 3127 1165 3185; x_wconf 93' lang='lat' dir='ltr'><em>cui</em></span> <span class='ocrx_word' id='word_1_224' title='bbox 1197 3127 1248 3185; x_wconf 90' lang='lat' dir='ltr'><em>ille</em></span> <span class='ocrx_word' id='word_1_225' title='bbox 1279 3144 1452 3189; x_wconf 87' lang='lat' dir='ltr'><em>renovasse</em></span> <span class='ocrx_word' id='word_1_226' title='bbox 1483 3129 1629 3188; x_wconf 91' lang='lat' dir='ltr'><em>videatur</em></span> 
     </span>
     <span class='ocr_line' id='line_1_27' title="bbox 403 3222 1628 3305; baseline -0.001 -18"><span class='ocrx_word' id='word_1_227' title='bbox 403 3229 599 3305; x_wconf 87' lang='lat' dir='ltr'><em>epigramma</em></span> <span class='ocrx_word' id='word_1_228' title='bbox 617 3225 785 3284; x_wconf 87' lang='lat' dir='ltr'><em>‘vetustate</em></span> <span class='ocrx_word' id='word_1_229' title='bbox 799 3222 1033 3299; x_wconf 90' lang='lat' dir='ltr'><em>absumptum’;</em></span> <span class='ocrx_word' id='word_1_230' title='bbox 1051 3224 1200 3283; x_wconf 89' lang='lat' dir='ltr'><em>Boeokhii</em></span> <span class='ocrx_word' id='word_1_231' title='bbox 1215 3243 1297 3299; x_wconf 89' lang='lat' dir='ltr'><em>quae</em></span> <span class='ocrx_word' id='word_1_232' title='bbox 1310 3226 1406 3285; x_wconf 86' lang='lat' dir='ltr'><em>fuerit</em></span> <span class='ocrx_word' id='word_1_233' title='bbox 1420 3227 1528 3302; x_wconf 92' lang='lat' dir='ltr'><em>opinio</em></span> <span class='ocrx_word' id='word_1_234' title='bbox 1542 3228 1628 3286; x_wconf 93' lang='lat' dir='ltr'><em>haud</em></span> 
     </span>
     <span class='ocr_line' id='line_1_28' title="bbox 403 3321 1627 3400; baseline -0.002 -14"><span class='ocrx_word' id='word_1_235' title='bbox 403 3329 488 3387; x_wconf 86' lang='lat' dir='ltr'><em>certo</em></span> <span class='ocrx_word' id='word_1_236' title='bbox 510 3327 589 3400; x_wconf 92' lang='lat' dir='ltr'><em>scio,</em></span> <span class='ocrx_word' id='word_1_237' title='bbox 621 3321 758 3382; x_wconf 85' lang='lat' dir='ltr'><em>‘iniuria’</em></span> <span class='ocrx_word' id='word_1_238' title='bbox 782 3323 865 3381; x_wconf 92' lang='lat' dir='ltr'><em>enim</em></span> <span class='ocrx_word' id='word_1_239' title='bbox 890 3322 1078 3397; x_wconf 86' lang='lat' dir='ltr'><em>‘temporum</em></span> <span class='ocrx_word' id='word_1_240' title='bbox 1101 3321 1249 3382; x_wconf 82' lang='lat' dir='ltr'><em>deletum’</em></span> <span class='ocrx_word' id='word_1_241' title='bbox 1273 3328 1515 3384; x_wconf 89' lang='lat' dir='ltr'><em>monumentum</em></span> <span class='ocrx_word' id='word_1_242' title='bbox 1537 3326 1627 3384; x_wconf 86' lang='lat' dir='ltr'><em>dixit.</em></span> 
     </span>
    </p>

    <p class='ocr_par' dir='ltr' id='par_1_4' title="bbox 402 3421 1631 4876">
     <span class='ocr_line' id='line_1_29' title="bbox 445 3421 1629 3498; baseline -0.003 -13"><span class='ocrx_word' id='word_1_243' title='bbox 445 3426 509 3486; x_wconf 87' lang='lat' dir='ltr'><em>Cur</em></span> <span class='ocrx_word' id='word_1_244' title='bbox 537 3423 684 3498; x_wconf 89' lang='lat' dir='ltr'><em>equidem</em></span> <span class='ocrx_word' id='word_1_245' title='bbox 711 3421 891 3496; x_wconf 84' lang='lat' dir='ltr'><em>pontificem</em></span> <span class='ocrx_word' id='word_1_246' title='bbox 914 3438 1090 3496; x_wconf 91' lang='lat' dir='ltr'><em>numquam</em></span> <span class='ocrx_word' id='word_1_247' title='bbox 1113 3422 1231 3480; x_wconf 91' lang='lat' dir='ltr'><em>vidisse</em></span> <span class='ocrx_word' id='word_1_248' title='bbox 1253 3423 1421 3497; x_wconf 92' lang='lat' dir='ltr'><em>antiquum</em></span> <span class='ocrx_word' id='word_1_249' title='bbox 1443 3441 1629 3483; x_wconf 91' lang='lat' dir='ltr'><em>monumen·</em></span> 
     </span>
     <span class='ocr_line' id='line_1_30' title="bbox 403 3521 1627 3599; baseline -0.002 -16"><span class='ocrx_word' id='word_1_250' title='bbox 403 3529 471 3583; x_wconf 92' lang='lat' dir='ltr'><em>tum</em></span> <span class='ocrx_word' id='word_1_251' title='bbox 497 3526 622 3599; x_wconf 89' lang='lat' dir='ltr'><em>putem,</em></span> <span class='ocrx_word' id='word_1_252' title='bbox 653 3521 767 3580; x_wconf 88' lang='lat' dir='ltr'><em>dicam.</em></span> <span class='ocrx_word' id='word_1_253' title='bbox 801 3521 922 3579; x_wconf 89' lang='lat' dir='ltr'><em>Nomen</em></span> <span class='ocrx_word' id='word_1_254' title='bbox 944 3523 1054 3595; x_wconf 89' lang='lat' dir='ltr'><em>poetae</em></span> <span class='ocrx_word' id='word_1_255' title='bbox 1075 3538 1113 3579; x_wconf 87' lang='lat' dir='ltr'><em>ex</em></span> <span class='ocrx_word' id='word_1_256' title='bbox 1134 3538 1171 3579; x_wconf 90' lang='lat' dir='ltr'><em>eo</em></span> <span class='ocrx_word' id='word_1_257' title='bbox 1192 3522 1254 3596; x_wconf 86' lang='lat' dir='ltr'><em>peti</em></span> <span class='ocrx_word' id='word_1_258' title='bbox 1276 3539 1340 3580; x_wconf 90' lang='lat' dir='ltr'><em>non</em></span> <span class='ocrx_word' id='word_1_259' title='bbox 1363 3523 1485 3596; x_wconf 90' lang='lat' dir='ltr'><em>poterat</em></span> <span class='ocrx_word' id='word_1_260' title='bbox 1507 3539 1627 3598; x_wconf 91' lang='lat' dir='ltr'><em>neque,</em></span> 
     </span>
     <span class='ocr_line' id='line_1_31' title="bbox 403 3619 1630 3698; baseline -0.001 -17"><span class='ocrx_word' id='word_1_261' title='bbox 403 3623 531 3698; x_wconf 93' lang='lat' dir='ltr'><em>opinor,</em></span> <span class='ocrx_word' id='word_1_262' title='bbox 557 3620 729 3694; x_wconf 90' lang='lat' dir='ltr'><em>quisquam</em></span> <span class='ocrx_word' id='word_1_263' title='bbox 750 3619 911 3694; x_wconf 87' lang='lat' dir='ltr'><em>putaverit</em></span> <span class='ocrx_word' id='word_1_264' title='bbox 931 3636 988 3693; x_wconf 89' lang='lat' dir='ltr'><em>per</em></span> <span class='ocrx_word' id='word_1_265' title='bbox 1009 3621 1054 3677; x_wconf 92' lang='grc'><em>101</em></span> <span class='ocrx_word' id='word_1_266' title='bbox 1075 3619 1276 3678; x_wconf 89' lang='lat' dir='ltr'><em>saeculorum</em></span> <span class='ocrx_word' id='word_1_267' title='bbox 1298 3619 1412 3678; x_wconf 91' lang='lat' dir='ltr'><em>seriem</em></span> <span class='ocrx_word' id='word_1_268' title='bbox 1427 3621 1630 3680; x_wconf 88' lang='lat' dir='ltr'><em>traditionem</em></span> 
     </span>
     <span class='ocr_line' id='line_1_32' title="bbox 404 3717 1630 3794; baseline -0.003 -14"><span class='ocrx_word' id='word_1_269' title='bbox 404 3719 596 3780; x_wconf 86' lang='lat' dir='ltr'><em>remansisse</em></span> <span class='ocrx_word' id='word_1_270' title='bbox 630 3719 669 3777; x_wconf 92' lang='lat' dir='ltr'><em>de</em></span> <span class='ocrx_word' id='word_1_271' title='bbox 706 3717 879 3776; x_wconf 85' lang='lat' dir='ltr'><em>Simonidis</em></span> <span class='ocrx_word' id='word_1_272' title='bbox 914 3718 1118 3791; x_wconf 87' lang='lat' dir='ltr'><em>auctoritate,</em></span> <span class='ocrx_word' id='word_1_273' title='bbox 1156 3717 1344 3792; x_wconf 89' lang='lat' dir='ltr'><em>praesertim</em></span> <span class='ocrx_word' id='word_1_274' title='bbox 1379 3735 1452 3776; x_wconf 89' lang='lat' dir='ltr'><em>cum</em></span> <span class='ocrx_word' id='word_1_275' title='bbox 1480 3720 1630 3794; x_wconf 90' lang='lat' dir='ltr'><em>aequales</em></span> 
     </span>
     <span class='ocr_line' id='line_1_33' title="bbox 402 3815 1630 3895; baseline -0.002 -17"><span class='ocrx_word' id='word_1_276' title='bbox 402 3817 640 3895; x_wconf 88' lang='lat' dir='ltr'><em>epigrammatis</em></span> <span class='ocrx_word' id='word_1_277' title='bbox 668 3819 793 3892; x_wconf 88' lang='lat' dir='ltr'><em>poetam</em></span> <span class='ocrx_word' id='word_1_278' title='bbox 821 3816 978 3891; x_wconf 89' lang='lat' dir='ltr'><em>respicere</em></span> <span class='ocrx_word' id='word_1_279' title='bbox 1005 3833 1069 3875; x_wconf 93' lang='lat' dir='ltr'><em>non</em></span> <span class='ocrx_word' id='word_1_280' title='bbox 1096 3817 1243 3875; x_wconf 91' lang='lat' dir='ltr'><em>solerent.</em></span> <span class='ocrx_word' id='word_1_281' title='bbox 1274 3817 1388 3890; x_wconf 90' lang='lat' dir='ltr'><em>ltaque</em></span> <span class='ocrx_word' id='word_1_282' title='bbox 1411 3815 1630 3875; x_wconf 88' lang='lat' dir='ltr'><em>Simonideum</em></span> 
     </span>
     <span class='ocr_line' id='line_1_34' title="bbox 404 3913 1630 3990; baseline -0.003 -14"><span class='ocrx_word' id='word_1_283' title='bbox 404 3934 518 3976; x_wconf 90' lang='lat' dir='ltr'><em>nomen</em></span> <span class='ocrx_word' id='word_1_284' title='bbox 546 3934 585 3975; x_wconf 87' lang='lat' dir='ltr'><em>ex</em></span> <span class='ocrx_word' id='word_1_285' title='bbox 612 3916 664 3975; x_wconf 93' lang='lat' dir='ltr'><em>illo</em></span> <span class='ocrx_word' id='word_1_286' title='bbox 693 3916 779 3975; x_wconf 87' lang='lat' dir='ltr'><em>fonte</em></span> <span class='ocrx_word' id='word_1_287' title='bbox 800 3915 948 3974; x_wconf 88' lang='lat' dir='ltr'><em>hausisse</em></span> <span class='ocrx_word' id='word_1_288' title='bbox 969 3914 1108 3988; x_wconf 90' lang='lat' dir='ltr'><em>videtur,</em></span> <span class='ocrx_word' id='word_1_289' title='bbox 1140 3915 1195 3988; x_wconf 93' lang='lat' dir='ltr'><em>qui</em></span> <span class='ocrx_word' id='word_1_290' title='bbox 1216 3915 1244 3972; x_wconf 90' lang='lat' dir='ltr'><em>ei</em></span> <span class='ocrx_word' id='word_1_291' title='bbox 1266 3913 1412 3989; x_wconf 85' lang='lat' dir='ltr'><em>praebuit</em></span> <span class='ocrx_word' id='word_1_292' title='bbox 1432 3913 1630 3990; x_wconf 86' lang='lat' dir='ltr'><em>epigramma</em></span> 
     </span>
     <span class='ocr_line' id='line_1_35' title="bbox 402 4011 1630 4090; baseline -0.002 -17"><span class='ocrx_word' id='word_1_293' title='bbox 402 4017 519 4090; x_wconf 91' lang='lat' dir='ltr'><em>ipsum.</em></span> <span class='ocrx_word' id='word_1_294' title='bbox 556 4014 692 4074; x_wconf 86' lang='lat' dir='ltr'><em>Secutus</em></span> <span class='ocrx_word' id='word_1_295' title='bbox 721 4015 818 4090; x_wconf 87' lang='lat' dir='ltr'><em>igitur</em></span> <span class='ocrx_word' id='word_1_296' title='bbox 846 4014 894 4072; x_wconf 89' lang='lat' dir='ltr'><em>est</em></span> <span class='ocrx_word' id='word_1_297' title='bbox 922 4013 1122 4072; x_wconf 89' lang='lat' dir='ltr'><em>traditionem</em></span> <span class='ocrx_word' id='word_1_298' title='bbox 1149 4011 1345 4072; x_wconf 81' lang='lat' dir='ltr'><em>hiterariam.</em></span> <span class='ocrx_word' id='word_1_299' title='bbox 1362 4011 1471 4080; x_wconf 87' lang='lat' dir='ltr'><em>&#39;Quod</em></span> <span class='ocrx_word' id='word_1_300' title='bbox 1497 4011 1630 4088; x_wconf 90' lang='lat' dir='ltr'><em>insuper</em></span> 
     </span>
     <span class='ocr_line' id='line_1_36' title="bbox 403 4109 1626 4187; baseline -0.002 -17"><span class='ocrx_word' id='word_1_301' title='bbox 403 4130 441 4170; x_wconf 85' lang='lat' dir='ltr'><em>ex</em></span> <span class='ocrx_word' id='word_1_302' title='bbox 472 4113 577 4170; x_wconf 91' lang='lat' dir='ltr'><em>indole</em></span> <span class='ocrx_word' id='word_1_303' title='bbox 607 4112 845 4186; x_wconf 88' lang='lat' dir='ltr'><em>epigrammatis</em></span> <span class='ocrx_word' id='word_1_304' title='bbox 877 4112 971 4185; x_wconf 88' lang='lat' dir='ltr'><em>patet.</em></span> <span class='ocrx_word' id='word_1_305' title='bbox 1014 4111 1052 4168; x_wconf 93' lang='lat' dir='ltr'><em>In</em></span> <span class='ocrx_word' id='word_1_306' title='bbox 1085 4127 1238 4184; x_wconf 91' lang='lat' dir='ltr'><em>praesens</em></span> <span class='ocrx_word' id='word_1_307' title='bbox 1269 4111 1395 4170; x_wconf 89' lang='lat' dir='ltr'><em>tantum</em></span> <span class='ocrx_word' id='word_1_308' title='bbox 1425 4127 1540 4169; x_wconf 93' lang='lat' dir='ltr'><em>moneo</em></span> <span class='ocrx_word' id='word_1_309' title='bbox 1573 4109 1626 4187; x_wconf 87' lang='lat' dir='ltr'><em>(cf.</em></span> 
     </span>
     <span class='ocr_line' id='line_1_37' title="bbox 406 4206 1627 4285; baseline 0.001 -17"><span class='ocrx_word' id='word_1_310' title='bbox 406 4207 424 4285; x_wconf 63' lang='grc' dir='ltr'><em>ξ</em></span> <span class='ocrx_word' id='word_1_311' title='bbox 449 4210 506 4268; x_wconf 85' lang='grc'><em>137</em></span> <span class='ocrx_word' id='word_1_312' title='bbox 535 4227 565 4268; x_wconf 90' lang='lat' dir='ltr'><em>n.</em></span> <span class='ocrx_word' id='word_1_313' title='bbox 590 4206 622 4284; x_wconf 88' lang='grc'><em>3)</em></span> <span class='ocrx_word' id='word_1_314' title='bbox 652 4208 854 4267; x_wconf 89' lang='lat' dir='ltr'><em>Wilhelmum</em></span> <span class='ocrx_word' id='word_1_315' title='bbox 876 4209 994 4283; x_wconf 92' lang='lat' dir='ltr'><em>optime</em></span> <span class='ocrx_word' id='word_1_316' title='bbox 1016 4207 1134 4266; x_wconf 91' lang='lat' dir='ltr'><em>vidisse</em></span> <span class='ocrx_word' id='word_1_317' title='bbox 1154 4208 1237 4266; x_wconf 92' lang='lat' dir='ltr'><em>idem</em></span> <span class='ocrx_word' id='word_1_318' title='bbox 1259 4209 1402 4268; x_wconf 89' lang='lat' dir='ltr'><em>obtinere</em></span> <span class='ocrx_word' id='word_1_319' title='bbox 1421 4208 1454 4266; x_wconf 94' lang='lat' dir='ltr'><em>in</em></span> <span class='ocrx_word' id='word_1_320' title='bbox 1477 4209 1537 4268; x_wconf 92' lang='lat' dir='ltr'><em>hoc</em></span> <span class='ocrx_word' id='word_1_321' title='bbox 1558 4227 1627 4284; x_wconf 80' lang='lat' dir='ltr'><em>ep,</em></span> 
     </span>
     <span class='ocr_line' id='line_1_38' title="bbox 403 4305 1630 4382; baseline 0.001 -17"><span class='ocrx_word' id='word_1_322' title='bbox 403 4307 490 4381; x_wconf 92' lang='lat' dir='ltr'><em>quod</em></span> <span class='ocrx_word' id='word_1_323' title='bbox 515 4308 640 4366; x_wconf 88' lang='lat' dir='ltr'><em>constat</em></span> <span class='ocrx_word' id='word_1_324' title='bbox 665 4305 818 4365; x_wconf 86' lang='lat' dir='ltr'><em>accidisse</em></span> <span class='ocrx_word' id='word_1_325' title='bbox 838 4307 870 4364; x_wconf 93' lang='lat' dir='ltr'><em>in</em></span> <span class='ocrx_word' id='word_1_326' title='bbox 892 4324 941 4382; x_wconf 87' lang='lat' dir='ltr'><em>ep.</em></span> <span class='ocrx_word' id='word_1_327' title='bbox 967 4306 1130 4365; x_wconf 77' lang='lat' dir='ltr'><em>Corinthio</em></span> <span class='ocrx_word' id='word_1_328' title='bbox 1151 4306 1205 4366; x_wconf 84' lang='lat'><em>96:</em></span> <span class='ocrx_word' id='word_1_329' title='bbox 1234 4307 1266 4364; x_wconf 92' lang='lat' dir='ltr'><em>in</em></span> <span class='ocrx_word' id='word_1_330' title='bbox 1288 4307 1457 4366; x_wconf 90' lang='lat' dir='ltr'><em>traditione</em></span> <span class='ocrx_word' id='word_1_331' title='bbox 1476 4307 1630 4367; x_wconf 90' lang='lat' dir='ltr'><em>litteraria</em></span> 
     </span>
     <span class='ocr_line' id='line_1_39' title="bbox 403 4400 1630 4479; baseline 0 -17"><span class='ocrx_word' id='word_1_332' title='bbox 403 4405 539 4463; x_wconf 89' lang='lat' dir='ltr'><em>formam</em></span> <span class='ocrx_word' id='word_1_333' title='bbox 568 4404 740 4479; x_wconf 88' lang='lat' dir='ltr'><em>genuinam</em></span> <span class='ocrx_word' id='word_1_334' title='bbox 770 4404 985 4463; x_wconf 89' lang='lat' dir='ltr'><em>additamento</em></span> <span class='ocrx_word' id='word_1_335' title='bbox 1015 4402 1060 4479; x_wconf 90' lang='lat' dir='ltr'><em>(v.</em></span> <span class='ocrx_word' id='word_1_336' title='bbox 1091 4403 1108 4462; x_wconf 88' lang='lat'><strong>3</strong></span> <span class='ocrx_word' id='word_1_337' title='bbox 1137 4400 1224 4478; x_wconf 91' lang='lat' dir='ltr'><em>sqq.)</em></span> <span class='ocrx_word' id='word_1_338' title='bbox 1252 4421 1323 4462; x_wconf 91' lang='lat' dir='ltr'><em>esse</em></span> <span class='ocrx_word' id='word_1_339' title='bbox 1343 4404 1523 4466; x_wconf 86' lang='lat' dir='ltr'><em>adauctam.</em></span> <span class='ocrx_word' id='word_1_340' title='bbox 1548 4405 1630 4464; x_wconf 86' lang='lat' dir='ltr'><em>Fieri</em></span> 
     </span>
     <span class='ocr_line' id='line_1_40' title="bbox 404 4499 1631 4578; baseline 0.002 -18"><span class='ocrx_word' id='word_1_341' title='bbox 404 4519 482 4561; x_wconf 91' lang='lat' dir='ltr'><em>sane</em></span> <span class='ocrx_word' id='word_1_342' title='bbox 519 4504 639 4576; x_wconf 89' lang='lat' dir='ltr'><em>potest,</em></span> <span class='ocrx_word' id='word_1_343' title='bbox 680 4504 715 4560; x_wconf 90' lang='lat' dir='ltr'><em>ut</em></span> <span class='ocrx_word' id='word_1_344' title='bbox 747 4503 925 4561; x_wconf 90' lang='lat' dir='ltr'><em>Pausanias</em></span> <span class='ocrx_word' id='word_1_345' title='bbox 959 4500 998 4578; x_wconf 88' lang='grc' dir='ltr'><em>(Ι.</em></span> <span class='ocrx_word' id='word_1_346' title='bbox 1033 4501 1081 4560; x_wconf 86' lang='grc'><em>43.</em></span> <span class='ocrx_word' id='word_1_347' title='bbox 1117 4499 1148 4577; x_wconf 93' lang='grc'><em>3)</em></span> <span class='ocrx_word' id='word_1_348' title='bbox 1182 4502 1319 4577; x_wconf 90' lang='lat' dir='ltr'><em>Megaris</em></span> <span class='ocrx_word' id='word_1_349' title='bbox 1350 4503 1383 4560; x_wconf 92' lang='lat' dir='ltr'><em>in</em></span> <span class='ocrx_word' id='word_1_350' title='bbox 1415 4503 1485 4562; x_wconf 89' lang='grc'><strong>1010</strong></span> <span class='ocrx_word' id='word_1_351' title='bbox 1516 4503 1631 4562; x_wconf 91' lang='lat' dir='ltr'><em>viderit</em></span> 
     </span>
     <span class='ocr_line' id='line_1_41' title="bbox 404 4600 1631 4676; baseline 0 -18"><span class='ocrx_word' id='word_1_352' title='bbox 404 4602 646 4659; x_wconf 91' lang='lat' dir='ltr'><em>monumentum</em></span> <span class='ocrx_word' id='word_1_353' title='bbox 675 4601 867 4676; x_wconf 87' lang='lat' dir='ltr'><em>genuinum,</em></span> <span class='ocrx_word' id='word_1_354' title='bbox 901 4600 956 4659; x_wconf 89' lang='lat' dir='ltr'><em>sed</em></span> <span class='ocrx_word' id='word_1_355' title='bbox 985 4603 1106 4659; x_wconf 90' lang='lat' dir='ltr'><em>certum</em></span> <span class='ocrx_word' id='word_1_356' title='bbox 1132 4602 1180 4658; x_wconf 90' lang='lat' dir='ltr'><em>est</em></span> <span class='ocrx_word' id='word_1_357' title='bbox 1205 4600 1237 4659; x_wconf 94' lang='lat' dir='ltr'><em>id</em></span> <span class='ocrx_word' id='word_1_358' title='bbox 1263 4601 1450 4660; x_wconf 90' lang='lat' dir='ltr'><em>iamdudum</em></span> <span class='ocrx_word' id='word_1_359' title='bbox 1471 4601 1631 4660; x_wconf 90' lang='lat' dir='ltr'><em>interiisse</em></span> 
     </span>
     <span class='ocr_line' id='line_1_42' title="bbox 404 4699 1631 4775; baseline 0.001 -18"><span class='ocrx_word' id='word_1_360' title='bbox 404 4700 442 4757; x_wconf 95' lang='grc'><em>110</em></span> <span class='ocrx_word' id='word_1_361' title='bbox 480 4699 694 4774; x_wconf 90' lang='lat' dir='ltr'><em>temporibus,</em></span> <span class='ocrx_word' id='word_1_362' title='bbox 735 4700 854 4773; x_wconf 92' lang='lat' dir='ltr'><em>quibus</em></span> <span class='ocrx_word' id='word_1_363' title='bbox 890 4700 1094 4775; x_wconf 88' lang='lat' dir='ltr'><em>Megarenses</em></span> <span class='ocrx_word' id='word_1_364' title='bbox 1133 4699 1206 4758; x_wconf 91' lang='lat' dir='ltr'><em>urbi</em></span> <span class='ocrx_word' id='word_1_365' title='bbox 1244 4699 1473 4759; x_wconf 90' lang='lat' dir='ltr'><em>instaurandae</em></span> <span class='ocrx_word' id='word_1_366' title='bbox 1504 4700 1631 4758; x_wconf 90' lang='lat' dir='ltr'><em>dedisse</em></span> 
     </span>
     <span class='ocr_line' id='line_1_43' title="bbox 403 4797 1631 4876; baseline 0.001 -19"><span class='ocrx_word' id='word_1_367' title='bbox 403 4815 533 4876; x_wconf 86' lang='lat' dir='ltr'><em>operam</em></span> <span class='ocrx_word' id='word_1_368' title='bbox 560 4798 591 4855; x_wconf 93' lang='lat' dir='ltr'><em>et</em></span> <span class='ocrx_word' id='word_1_369' title='bbox 618 4813 656 4854; x_wconf 85' lang='lat' dir='ltr'><em>ex</em></span> <span class='ocrx_word' id='word_1_370' title='bbox 686 4800 795 4855; x_wconf 92' lang='lat' dir='ltr'><em>nostra</em></span> <span class='ocrx_word' id='word_1_371' title='bbox 824 4797 1031 4871; x_wconf 87' lang='lat' dir='ltr'><em>inscriptione</em></span> <span class='ocrx_word' id='word_1_372' title='bbox 1058 4797 1177 4856; x_wconf 88' lang='lat' dir='ltr'><em>seimus</em></span> <span class='ocrx_word' id='word_1_373' title='bbox 1199 4799 1229 4856; x_wconf 89' lang='lat' dir='ltr'><em>et</em></span> <span class='ocrx_word' id='word_1_374' title='bbox 1250 4815 1289 4855; x_wconf 87' lang='lat' dir='ltr'><em>ex</em></span> <span class='ocrx_word' id='word_1_375' title='bbox 1310 4798 1380 4856; x_wconf 92' lang='lat' dir='ltr'><em>aliis</em></span> <span class='ocrx_word' id='word_1_376' title='bbox 1401 4799 1467 4856; x_wconf 92' lang='lat' dir='ltr'><em>fere</em></span> <span class='ocrx_word' id='word_1_377' title='bbox 1487 4799 1631 4858; x_wconf 87' lang='lat' dir='ltr'><em>eiusdem</em></span> 
     </span>
    </p>
   </div>
   <div class='ocr_carea' id='block_1_4' title="bbox 0 0 1763 5712">
    <p class='ocr_par' dir='ltr' id='par_1_5' title="bbox 0 0 1763 5712">
     <span class='ocr_line' id='line_1_44' title="bbox 0 0 1763 5712; baseline 0 0"><span class='ocrx_word' id='word_1_378' title='bbox 0 0 1763 5712; x_wconf 95' lang='lat' dir='ltr'><em> </em></span> 
     </span>
    </p>
   </div>
  </div>
 </body>
</html>
