3516 5712
755 538 794 598 os
876 562 879 567 -
1214 533 1311 614 εει,
1337 539 1385 597 55.

164 727 384 788 adversarium
402 727 562 802 quendam
571 773 579 803 ,
604 727 747 801 quicum
763 726 913 786 vanitatis
928 743 965 784 ao
980 725 1149 800 superbiae
1163 728 1386 800 accusaverat,

163 827 246 901 quod
267 827 301 884 in
322 826 465 884 oratione
485 825 519 883 in
540 825 666 884 laudem
688 824 851 882 Minervae
872 823 979 882 habita
1001 820 1034 882 ἓν
1054 820 1302 900 παραφθέγματι
1323 823 1343 881 i.
1358 841 1385 881 e.

162 927 248 982 extra
283 923 437 983 orationis
472 925 699 1000 argumentum
733 937 810 981 suas
844 921 947 996 ipsius
981 920 1093 978 laudes
1128 920 1385 994 praedicavisset.

162 1022 230 1091 Qua
262 1023 302 1079 de
334 1038 431 1080 causa
461 1021 639 1080 iactationIs
670 1020 814 1094 exempla
846 1019 967 1093 profert
997 1035 1036 1076 ex
1066 1019 1168 1092 poetis
1199 1021 1264 1077 tam
1291 1019 1389 1093 epicis

161 1137 257 1194 quam
291 1119 431 1193 melicis,
468 1136 508 1177 ex
545 1119 736 1193 Sapphone,
775 1119 943 1191 Alcmene,
982 1116 1141 1191 Pindaro,
1179 1116 1316 1190 denique
1350 1135 1389 1176 ex

133 1217 138 1229 '
162 1217 325 1276 Simonide
354 1215 414 1294 (or.
440 1215 460 1294 ᾖ
483 1214 552 1292 59):
580 1213 658 1276 ἀλλά
686 1213 741 1294 τήν
769 1236 803 1292 γε
830 1217 885 1274 τοῦ
913 1210 1152 1290 Σιμωνίδου
1174 1211 1389 1292 σωφροσύνην

161 1311 254 1374 οίσῦα
277 1359 284 1373 .
307 1358 314 1373 .
337 1359 344 1372 .
367 1359 374 1372 .
399 1311 550 1392 ἐτόλμησε
571 1317 648 1390 γοῦν
669 1312 763 1372 εἰπεῖν
786 1311 848 1390 (ep.
875 1310 959 1387 146)·
988 1309 1106 1390 (μνήμη
1130 1310 1159 1371 δ’
1178 1311 1283 1372 οὐτιυά
1305 1335 1389 1392 φημι

159 1409 326 1491 Σιμωνίδῃ
362 1409 577 1490 ίοοφαρίζειν’.
622 1408 706 1470 ταυτὶ
741 1407 801 1488 γάρ
837 1408 897 1471 οὐκ
932 1407 1036 1486 ἔτερος
1067 1407 1106 1488 δή
1137 1431 1201 1469 που
1231 1408 1302 1487 περί
1332 1415 1388 1471 τοῦ

158 1507 345 1587 Σιμωνίδου
373 1507 468 1586 λέγει,
497 1506 562 1567 ἀλλ’
587 1505 707 1574 αὐτὸς
731 1506 791 1573 είς
818 1502 962 1566 ἑαυτὸν
989 1505 1169 1584 πεποίηκεν.
1205 1506 1253 1567 ἵνα
1281 1505 1317 1567 δὲ
1341 1506 1387 1587 μὴ

160 1605 236 1685 δόξη
273 1606 346 1673 νέος
382 1605 429 1666 ὢν
463 1605 505 1665 ἔτι
540 1603 594 1665 καί
630 1602 848 1681 ὡραϊζόμενος
882 1601 980 1681 λέγειν
1012 1607 1126 1674 ταῦτα,
1162 1603 1387 1682 προστίθησιν·

160 1702 416 1782 ’ὀγδωκονταέτει
449 1701 537 1764 παιδί
571 1700 794 1780 Λεωπρέπεος’
827 1699 891 1762 κτλ.
927 1702 1042 1761 Paucis
1079 1702 1184 1761 verbis
1218 1706 1291 1777 post
1324 1704 1388 1762 iam

159 1804 304 1878 sequitur
336 1803 388 1861 ille
418 1803 507 1862 locus
538 1805 781 1861 controversus:
814 1798 843 1877 ξ·
867 1800 914 1859 61.
949 1796 983 1858 τὸ
1012 1797 1046 1858 δὲ
1073 1798 1202 1861 πάντων
1227 1799 1388 1878 μέγιστον,

158 1899 210 1960 καὶ
242 1898 304 1979 γάρ
335 1897 574 1978 Σιμωνίδης
604 1896 657 1958 καὶ
688 1895 852 1976 Πίνδαρος
880 1894 1055 1976 ἀμφότεροι
1083 1901 1255 1976 φανοῦνται
1283 1898 1388 1977 σφίσιν

158 1996 262 2064 αὐτοῖς
296 1996 455 2064 ἔπινίκους
487 1993 693 2075 πεποιηκότες
727 1994 763 2056 ἐκ
794 1998 849 2055 τοῦ
881 1993 995 2061 εὐδίας
1025 1993 1135 2073 ὥσπερ
1165 1994 1270 2063 ἀλλοις
1300 1997 1384 2057 τισίν.

158 2094 196 2155 οὐ
228 2093 289 2173 γάρ
320 2117 374 2155 πω
405 2093 440 2155 σὲ
470 2094 600 2172 ἤνεγκεν
630 2093 650 2172 ἡ
683 2098 738 2174 γῆ,
770 2091 836 2153 ἀλλ’
864 2093 905 2153 ἔτι
937 2097 999 2160 τοῖς
1026 2091 1205 2172 ἐλευθέροις
1232 2092 1271 2173 ἦν
1297 2093 1386 2156 άδεια

158 2196 221 2253 τῶν
251 2191 414 2253 τοιούτων.
451 2191 471 2271 ἓ
504 2193 552 2252 62.
591 2190 785 2270 ε’πιτιμήσαις
817 2189 846 2250 δ’
874 2191 913 2251 ἀν
945 2189 1029 2251 οὕτω
1060 2189 1113 2251 καί
1144 2197 1206 2260 τοῖς
1237 2191 1387 2272 ἀθληταῖς

157 2290 263 2358 αὐτοῖς
283 2295 347 2358 τοῖς
368 2288 440 2357 τοὺς
461 2288 619 2357 ε’πινίκους
638 2288 725 2368 παρὰ
748 2292 811 2350 τῶν
831 2293 972 2368 ποιητῶν
992 2288 1217 2368 λαμβάνουσιν.
1251 2290 1305 2351 καί
1326 2290 1387 2371 γάρ

157 2385 244 2450 οὗτοι
275 2386 394 2467 τροπόν
426 2410 490 2448 τινα
519 2385 650 2455 ἕαυτούς
677 2387 943 2467 ἐγκωμιάζουσιν,
973 2387 1231 2466 παρακαλοῦντές
1257 2412 1288 2450 τε
1316 2389 1388 2458 τοὺς

156 2484 289 2566 ποιητάς
318 2485 373 2547 καί
403 2483 541 2553 διδόντες
572 2483 738 2563 ἀργύριον,
769 2484 823 2546 καί
849 2484 1047 2553 τελευτῶντες
1073 2485 1309 2565 παραλαβόντες
1334 2486 1388 2549 τὸν

157 2583 310 2655 ἐπίνικον,
332 2583 461 2663 ᾅδοντες
481 2581 612 2651 ἑαυτοὺς
632 2583 687 2644 ὐπ’
705 2582 804 2645 αὐλοῦ
825 2582 879 2644 καί
899 2588 1010 2663 χοροῦ.
1037 2583 1056 2662 ἓ
1079 2585 1127 2644 63.
1155 2585 1388 2665 κατηγορήσαις

157 2679 188 2741 δ’
211 2682 250 2742 ἂν
278 2680 463 2753 ἀλαζονείαν
490 2680 543 2742 καί
571 2684 635 2744 τῶν
662 2679 698 2742 τά
726 2680 858 2760 τρόπαια
887 2680 1050 2749 ἱστάντων,
1079 2680 1126 2749 ῶς
1146 2682 1256 2744 ἔοικεν.
1291 2683 1387 2754 ἔξεστι

157 2784 235 2857 γοῦν
262 2779 317 2840 καί
343 2777 426 2858 πρὸς
452 2779 582 2848 τούτους
608 2779 706 2858 λέγειν
735 2779 929 2858 (ἄνθρωποι,
958 2780 986 2839 τί
1004 2780 1117 2860 ζητεῖτε
1124 2803 1135 2854 ,·
1162 2779 1291 2859 ἐξαρκεῖ
1307 2804 1385 2842 νενι-

156 2877 308 2957 κηκέναί.
332 2877 362 2939 τί
377 2877 412 2940 δέ
428 2899 478 2939 σοι
495 2877 639 2956 βούλεται
657 2877 692 2939 τὸ
709 2877 931 2957 παράγραμμα
948 2877 1120 2958 (Ἀθηναῖοι
1138 2877 1202 2938 ἀπὸ
1223 2875 1386 2958 Θηβαίων’

156 2976 178 3054 ἢ
205 2973 373 3054 (Περσῶν,
401 2977 420 3056 ἢ
449 2975 706 3055 (Λακεδαιμόνιοι
734 2974 798 3037 ἀπὸ
824 2980 889 3038 τῶν
917 2975 1051 3049 δείνων’,·
1079 2977 1098 3055 ἢ
1128 2975 1287 3057 ὁτιδήποτ’
1304 2976 1385 3058 ἀνῇ

158 3072 231 3150 [pro
258 3075 278 3152 ἢ
308 3075 377 3134 Keil
401 3076 660 3152 interrogationis
682 3077 774 3151 signo
795 3094 854 3152 pro
876 3077 1001 3152 virgula
1023 3079 1095 3151 post
1117 3073 1230 3136 δείνων
1250 3076 1383 3155 posito],

156 3171 402 3252 τούπρίγραμμα
430 3171 640 3246 ε’ξαλειπτέον,·
668 3170 731 3253 ἀρά
759 3196 808 3235 σοι
836 3173 890 3234 καί
917 3172 952 3233 τά
981 3171 1085 3234 τοιάδε
1111 3171 1195 3243 δόξει
1221 3173 1385 3245 ἀλαζονεία

156 3291 200 3336 τις
220 3267 316 3343 εἷναι,·
337 3267 507 3350 ’Ἑλλήνων
524 3270 587 3331 κτλ.
610 3317 686 3331 ....
708 3289 757 3348 ep.
776 3271 825 3332 90’
848 3270 902 3332 καί
924 3269 1018 3350 ’ἀμφί
1037 3293 1067 3331 τε
1088 3269 1152 3331 κτλ.
1250 3290 1299 3348 ep.
1316 3271 1384 3332 104'

156 3366 210 3427 καί
238 3367 341 3429 πάντα
372 3367 489 3440 έκεῖνο,
521 3368 639 3430 καλλίω
671 3373 734 3431 τῶν
766 3373 846 3440 σῶν,
878 3367 981 3448 οἶμαι,
1012 3368 1118 3449 λόγων
1146 3368 1386 3448 ἒπιγράμματα,’

159 3463 248 3542 §64
278 3464 333 3526 καί
362 3465 403 3526 ἔτι
431 3488 465 3545 γε
492 3466 612 3546 μᾶλλον
641 3467 684 3538 (ἒξ
711 3463 750 3529 οὐ
778 3467 803 3527 τ’
827 3465 994 3547 Εὐρώπην
1018 3466 1083 3528 κτλ.
1109 3513 1115 3527 .
1142 3513 1149 3526 .
1176 3513 1182 3527 .
1209 3513 1216 3527 .
1240 3486 1289 3543 ep.
1316 3469 1383 3527 142⁵

156 3562 209 3623 καί
228 3561 293 3642 πρό
316 3585 350 3642 γε
370 3563 492 3626 τούτων
513 3563 617 3627 (ἔθνεα
638 3564 692 3626 κτλ
695 3611 834 3626 .....
860 3585 909 3642 ep.
934 3564 1014 3636 132',
1040 3563 1142 3644 οἶμαι,
1163 3564 1243 3642 λέγει
1264 3564 1298 3626 τὸ
1320 3565 1384 3626 έπί-

158 3682 305 3740 γραμμα,
337 3661 400 3722 καὶ·
418 3661 518 3723 πολλά
546 3663 644 3742 ἕτερα.
678 3663 697 3741 ξ
720 3665 768 3724 65.
803 3662 841 3742 νὴ
871 3660 930 3732 Δι’,
958 3661 1036 3723 ἀλλὰ
1065 3666 1159 3723 ταῦτα
1185 3660 1304 3723 Ἀττικά
1332 3662 1386 3724 καί

157 3757 345 3839 θερμότερα.
375 3758 441 3820 ἀλλ’
461 3759 508 3828 ῶς
527 3759 587 3839 μὲν
607 3759 661 3821 καί
681 3761 771 3840 ἡμεῖς
793 3759 852 3822 οὐκ
874 3761 917 3828 εἰς
937 3760 1043 3839 ἕτερον
1064 3759 1213 3840 τελοῦμεν
1233 3759 1329 3828 ἔύνος
1349 3765 1385 3840 τῇ

156 3857 336 3937 προαιρέσει
356 3861 420 3918 τῶν
440 3857 546 3936 λόγων
567 3858 663 3920 ἅπασι
683 3856 856 3938 πρόδηλον.
881 3857 919 3920 οδ
942 3857 971 3921 δ’
990 3856 1047 3919 οὗν
1065 3859 1187 3930 ἐξέταζε
1205 3857 1240 3918 τά
1259 3857 1384 3937 Δώρια,

158 3953 182 4013 εί
200 3953 324 4033 βούλει,
345 3953 400 4016 καί
420 3954 456 4016 τά
479 3954 670 4018 Λακωνικά·
694 3956 851 4035 (μυριάσιν
872 3955 935 4017 κτλ.
963 4004 969 4016 .
996 4003 1003 4016 .
1029 4003 1036 4016 .
1063 4003 1069 4016 .
1094 3975 1143 4032 ep.
1167 3957 1229 4017 91³.
1258 3953 1309 4034 ἀρ’
1328 3953 1385 4017 οὐν

158 4051 214 4115 οὐκ
246 4051 412 4124 ἀλαζονεία
442 4058 537 4114 ταῦτα
568 4053 621 4114 καί
651 4053 751 4135 πολλὴ
783 4053 837 4115 καί
867 4053 949 4132 πρός
981 4077 1014 4133 γε
1046 4053 1202 4115 αὐδάδεια
1232 4053 1363 4133 λαμπρά
1374 4077 1385 4128 ,·

157 4149 402 4231 τετρακισχίλιοι,
424 4150 532 4231 φασίν,
554 4151 642 4220 ὄντες
662 4153 852 4232 τριακοσίαις
868 4151 998 4232 μυριάσι
1014 4151 1176 4228 πολεμίων
1194 4150 1381 4231 ἀντήραμεν.

159 4247 246 4325 §66.
281 4249 381 4328 ἕτεροι
402 4247 432 4310 δ’
456 4247 496 4310 αὖ
517 4248 680 4329 λέγουσιν·
703 4251 819 4331 (ἀκμῆς
841 4297 848 4310 .
873 4297 881 4310 .
907 4297 914 4311 .
940 4297 947 4311 .
972 4271 1020 4329 ep.
1045 4252 1107 4312 94⁹.
1142 4250 1223 4312 ὥστε
1243 4250 1314 4328 ῶρα
1337 4273 1385 4312 σοι

158 4346 310 4408 σκώπτειν
338 4345 453 4416 αὐτοῦς
480 4347 527 4416 ῶς
553 4347 729 4429 ἀδολέσχας
752 4349 836 4417 τινάς
856 4349 989 4428 νεκροὺς
1010 4349 1064 4411 καί
1085 4349 1144 4410 οὐκ
1166 4348 1287 4417 εἰδότας
1308 4350 1384 4430 ἡσυ-

158 4444 224 4522 χίαν
248 4444 346 4523 ἄγειν.
380 4443 460 4525 κᾷτά
486 4469 521 4507 σε
546 4446 627 4527 ἀνήρ
648 4469 692 4516 τις
712 4447 746 4508 Σ
750 4471 760 4508 ι
766 4447 989 4528 μωνίδειος
1010 4447 1173 4528 ἀμείψεται
1196 4447 1385 4527 (ὤνθρωπε,

158 4547 252 4604 κεῖσαι
274 4543 341 4615 ζῶν
362 4543 404 4604 ἔτι
424 4542 544 4621 μᾶλλον
564 4548 628 4606 τῶν
648 4544 712 4606 ὐπὸ
735 4551 792 4626 γῆς
812 4545 951 4608 ἐκείνων
978 4547 1072 4624 (sim.
1096 4549 1135 4606 ir.
1160 4547 1224 4624 60).

196 4641 308 4720 Βενρίι
332 4644 552 4703 demonstrare
580 4645 704 4704 studuit
731 4644 775 4722 (p.
793 4647 851 4704 444
874 4644 939 4722 sq.)
962 4646 1132 4704 Aristidem
1154 4665 1217 4706 non
1240 4649 1384 4722 potuisse

158 4737 187 4797 in
207 4757 242 4800 ea
263 4741 492 4818 disputatione,
516 4743 609 4802 cuius
628 4744 709 4803 etin
727 4744 884 4819 principio
898 4747 929 4804 et
944 4744 977 4802 in
993 4744 1058 4803 fine
1077 4744 1250 4804 Simonidis
1265 4746 1383 4804 mentio

159 4836 259 4914 fieret,
288 4856 345 4898 sex
365 4839 418 4900 illa
438 4857 510 4916 epp.
535 4841 684 4919 laudare,
709 4843 770 4900 nisi
792 4860 828 4902 ea
853 4841 1035 4902 Simonides
1055 4843 1195 4919 intellegi
1217 4843 1380 4902 voluisset.
