3546 5724
770 529 807 589 53
1227 529 1323 608 aaa,
1349 531 1397 590 σε.

174 717 257 775 thios
291 707 408 792 ignave
442 717 565 793 fugisse
598 717 804 776 insimulasse
838 717 1007 776 videbatur
1043 717 1222 777 Herodotea
1257 719 1400 794 maligni-

175 783 232 872 ta's
267 815 370 874 Verba
398 815 482 874 enim
511 813 556 874 ὅτι
583 812 678 891 μόναι
706 817 770 874 τῶν
794 811 985 893 Ἑλληνίδων
1014 813 1046 874 αἱ
1067 811 1235 891 Κορίνθιαι
1256 819 1401 890 γυναῖκες

174 909 343 981 εὔξαντο
375 910 442 990 τὴν
473 910 599 990 καλὴν
630 911 791 990 ἐκείνην
822 911 889 972 καὶ
918 910 1135 990 δαιμόνιον
1163 911 1285 992 εὐχὴν
1313 931 1399 989 spec-

174 1011 241 1068 tare
262 1010 339 1067 mihi
361 1009 510 1068 videntur
533 1010 706 1070 Simonidis
727 1011 809 1070 oden
827 1012 860 1069 in
879 1013 1035 1086 proelium
1055 1012 1282 1088 Salaminium,
1307 1012 1399 1071 euius

173 1108 388 1183 fragmentum
417 1109 558 1168 servavit
584 1109 668 1168 idem
696 1109 889 1168 Plutarchus
911 1110 1020 1169 Them.
1046 1111 1098 1169 15:
1128 1109 1159 1170 oi
1180 1107 1211 1168 δ’
1229 1106 1316 1168 ἄλλοι
1337 1113 1400 1176 τοῖς

172 1203 348 1282 βαρβάροις
375 1203 569 1284 ἐξισούμενοι
596 1204 630 1266 τὸ
658 1204 783 1285 πλῆθος
811 1206 845 1267 ἓν
872 1213 971 1287 στενῷ
996 1205 1075 1268 κατὰ
1096 1207 1196 1286 μέρος
1216 1229 1398 1286 προσφερο-

172 1295 288 1379 μένους
322 1302 376 1363 καὶ
409 1302 649 1381 περιπίπτοντας
680 1301 824 1384 ἀλλήλοις
856 1303 1027 1384 ἐτρέψαντο
1058 1305 1152 1385 μέχρι
1183 1303 1285 1383 δείλης
1317 1304 1397 1365 ἀντι-

173 1397 319 1479 σχόντας,
357 1399 402 1468 ὡς
437 1401 543 1480 εἴρηκε
578 1399 831 1481 Σιμωνίδης,
868 1400 937 1481 τὴν
972 1400 1099 1480 καλὴν
1136 1401 1296 1481 ἐκείνην
1332 1401 1398 1462 καὶ

172 1497 419 1577 περιβόητον
441 1497 640 1577 ἀράμενοι
660 1499 792 1577 νίκην,
814 1497 852 1579 ἧς
873 1499 948 1561 οὔθ’
965 1498 1110 1580 Ἕλλησιν
1131 1499 1202 1561 οὔτε
1223 1499 1399 1578 βαρβάροις

172 1594 292 1657 ε’νάίιον
314 1597 408 1675 ἔργον
429 1597 584 1676 εἴργασται
603 1596 822 1676 λαμπρότερον
843 1597 904 1659 κτλ.
922 1599 973 1677 23).

212 1693 231 1771 §
254 1694 303 1755 29.
349 1693 401 1756 De
418 1694 598 1756 Plutarchi
614 1696 709 1758 teate
730 1697 761 1756 Y.
797 1699 1036 1774 Epigrammata
1055 1699 1198 1774 quinque
1216 1698 1394 1772 Corinthia,

172 1809 253 1866 quae
280 1795 351 1852 arto
381 1794 505 1854 vinculo
533 1813 652 1855 conexa
679 1812 749 1855 esse
777 1797 859 1871 dixi,
890 1815 926 1856 ea
953 1797 1024 1872 ipsa
1048 1797 1088 1856 de
1109 1815 1206 1857 causa
1228 1797 1396 1857 coniuncta

172 1891 271 1950 tuisse
285 1910 415 1952 neeesse
428 1897 490 1969 est,
509 1895 595 1968 quod
609 1897 700 1954 erant
716 1895 879 1955 Corinthia
894 1896 913 1954 i.
929 1914 955 1954 e.
973 1896 1059 1970 quod
1075 1896 1181 1954 omnia
1195 1895 1397 1955 testabantur

172 1989 353 2049 Corinthios
381 2009 509 2068 pugnae
535 1991 728 2052 Salaminiae
747 1993 940 2052 interfuisse.
976 1991 1198 2053 Athenienses
1217 1994 1300 2052 enim
1324 2010 1396 2050 nar-

172 2103 259 2146 rasse
286 2088 384 2148 tradit
410 2089 591 2148 Herodotus
615 2088 717 2167 (VIII.
742 2090 795 2150 94:
817 2088 941 2168 λέγουσι
958 2089 1134 2169 Ἀθηναῖοι)
1158 2090 1394 2152 Corinthiorum

171 2185 282 2244 ducem
310 2186 515 2246 Adimantum
542 2188 605 2246 iam
633 2188 666 2247 in
694 2206 823 2266 pugnae
849 2190 939 2249 initio
966 2190 1132 2266 aufugisse
1153 2192 1248 2270 atque
1269 2191 1394 2246 tantum

170 2285 294 2342 ostento
321 2285 460 2358 quodam
488 2289 685 2362 permotum,
716 2289 752 2346 ut
780 2305 879 2347 naves
908 2290 1120 2362 converteret,
1153 2304 1187 2345 re
1214 2289 1340 2361 peracta
1362 2285 1394 2343 in

170 2381 364 2440 Graecorum
386 2385 490 2442 eastra
511 2385 704 2459 pervenisse.
742 2385 832 2454 Quae
853 2386 1011 2446 calumnia
1033 2386 1102 2445 sine
1122 2384 1220 2444 dubio
1241 2384 1281 2442 ab
1303 2383 1394 2442 Athe-

171 2479 336 2538 niensibus
357 2482 480 2556 prolata
501 2485 565 2558 est,
591 2486 627 2541 ut
647 2483 755 2542 odium
778 2501 873 2543 suum
896 2484 1150 2558 Corinthiorum,
1175 2483 1261 2557 quod
1281 2482 1356 2540 inde
1377 2500 1394 2541 a

170 2576 307 2652 Megaris
335 2579 497 2654 occupatis
527 2578 612 2656 (460)
643 2581 886 2641 acerbissimum
913 2585 997 2658 erat,
1029 2583 1191 2657 explerent
1212 2580 1263 2658 2⁴).
1299 2581 1395 2639 Valde

169 2675 265 2749 igitur
288 2676 458 2736 verisimile
478 2680 527 2736 est
548 2678 730 2739 Corinthios
751 2680 839 2755 ipsos
860 2681 976 2756 fuisse,
1006 2680 1062 2756 qui
1084 2679 1212 2738 virtutis
1235 2697 1312 2738 suae
1334 2679 1393 2738 col·

168 2772 318 2848 legissent
348 2774 527 2834 testimonia
559 2777 698 2851 genuina
719 2775 769 2853 25).
808 2778 872 2837 Eos
894 2778 1132 2837 Atheniensium
1155 2778 1269 2836 falsam
1292 2778 1393 2836 erimi-

170 2873 328 2932 nationem
368 2892 431 2933 non
469 2892 583 2950 passos
618 2893 688 2934 esse
723 2876 778 2934 sed
813 2877 1020 2952 impugnasse
1054 2894 1093 2935 ex
1129 2876 1290 2935 Herodoto
1324 2876 1394 2951 ipso

168 2973 293 3032 efficere
322 2973 408 3031 lieet:
441 2970 479 3031 οὐ
506 2971 612 3049 μέντοι
641 2971 730 3032 αὐτοί
755 2993 789 3050 γε
817 2968 983 3049 Κορίνθιοι
1011 2970 1235 3049 ὁμολογέουσι,
1268 2970 1337 3032 ἀλλ’
1361 2972 1394 3033 ἒν

167 3069 318 3146 πρώτοισι
339 3069 438 3148 σφέας
459 3067 574 3137 αὐτοὺς
595 3075 648 3149 τῆς
668 3069 845 3148 ναυμαχίης
866 3069 1027 3148 νομίζουσι
1050 3068 1204 3146 γενέσθαι.
1227 3072 1393 3130 Praeterea

167 3169 219 3226 vix
247 3168 323 3228 alibi
351 3169 618 3245 epigrammatum
646 3170 836 3244 conquisitio
864 3171 967 3244 potest
996 3187 1066 3228 esse
1091 3170 1184 3228 taeta.
1220 3169 1392 3229 Corinthiis

167 3267 248 3325 enim
278 3266 380 3326 facilis
407 3270 475 3326 erat
503 3267 608 3326 aditus
637 3268 678 3326 ad
706 3270 928 3343 monumenta,
959 3268 991 3325 in
1019 3267 1137 3341 quibus
1158 3282 1228 3342 epp.
1253 3266 1308 3342 97,
1334 3266 1388 3341 98,

169 3363 243 3440 134,
281 3363 338 3424 137
359 3363 398 3441 26)
430 3365 530 3425 ineisa
560 3370 667 3441 erant,
702 3367 787 3440 iique
819 3367 877 3424 soli
907 3369 1029 3425 textum
1062 3383 1210 3425 servasse
1242 3353 1404 3424 censendi

197 3577 232 3642 23)
268 3580 322 3630 Hoc
341 3579 524 3629 Simonideum
543 3582 723 3644 fragmentum
743 3581 813 3630 haud
833 3582 977 3630 felicitare
997 3581 1106 3645 Bergkio
1124 3583 1166 3641 tir.
1186 3580 1229 3640 83)
1248 3586 1391 3631 tractatum

166 3670 211 3714 est.
243 3665 338 3729 Neque
357 3665 545 3728 Bernardalris,
563 3666 584 3714 si
602 3680 656 3728 quo
674 3671 823 3728 spectarent
840 3667 919 3716 verba
936 3663 1046 3724 εὔξαντο
1063 3693 1096 3700 -
1113 3662 1195 3730 εὐχὴν
1212 3667 1343 3731 scivisset,
1362 3681 1393 3714 ea

166 3750 282 3800 alludere
308 3754 429 3813 putasset
454 3751 485 3798 ad
512 3751 722 3813 epigrammatis
746 3766 851 3800 versum
875 3752 1035 3813 secundum,
1062 3752 1087 3799 in
1113 3766 1165 3813 quo
1189 3767 1234 3813 pro
1258 3747 1391 3812 δαιμόνιαι

166 3837 266 3900 scripsit
282 3831 406 3898 δαιμόνια
424 3831 626 3898 (interpretatus
643 3830 782 3898 εὐξάμεναι
800 3833 935 3898 δαιμόνιον
953 3831 1045 3900 εὐχὴν)
1064 3837 1184 3899 neglecta
1202 3850 1262 3883 vera
1279 3835 1392 3886 lectione

166 3921 197 3969 ab
214 3922 351 3971 Athenaeo
370 3920 495 3982 atque-in
514 3918 599 3969 Schol.
618 3924 722 3969 servata
738 3916 873 3984 δαιμονίᾳ,
891 3922 922 3970 cl.
942 3937 966 3971 n.
985 3919 1024 3977 40.

197 4003 231 4061 2¹¹)
266 4003 305 4054 Ol.
325 4004 371 4053 Ed.
390 4003 480 4067 Meyer
497 4004 601 4054 Forsch.
620 4004 651 4053 Il.
670 4002 719 4052 202
736 4019 792 4067 sqq.

196 4087 230 4151 25)
265 4090 495 4153 Epigrammatum
513 4090 589 4138 seriei
607 4089 693 4137 inesse
711 4088 848 4138 consilium
869 4090 1026 4139 defendendi
1044 4091 1096 4139 iarn
1112 4089 1243 4138 intellexit
1258 4088 1391 4138 Sclrwartz

167 4173 250 4222 llerm.
274 4172 315 4224 35.
340 4171 407 4223 1900
430 4189 453 4237 p.
471 4173 520 4223 120
544 4170 745 4236 (horinthisehe
767 4173 958 4239 Apologetih');
981 4191 1144 4240 quamquam
1162 4174 1260 4223 iniuria
1278 4175 1336 4223 eius
1355 4173 1391 4223 rei

166 4257 353 4309 documentum
377 4259 492 4308 indicare
518 4260 600 4309 voluit
623 4260 650 4308 in
673 4260 868 4321 additamento,
892 4260 961 4322 quod
986 4264 1074 4321 postea
1098 4274 1137 4322 ep.
1156 4257 1188 4307 97
1206 4264 1246 4308 est
1263 4259 1389 4322 adeptum

166 4341 189 4406 (ἓ
205 4343 255 4408 ot).
286 4345 313 4394 ld
333 4359 397 4394 sane
415 4346 443 4393 in
461 4343 597 4394 Corinthia
614 4345 755 4393 traditione
774 4358 827 4392 non
845 4342 953 4393 extabat
970 4341 994 4404 (ἓ
1012 4342 1063 4404 34).

196 4429 231 4492 26)
264 4432 306 4482 Sic
329 4430 424 4479 clarior
447 4430 492 4478 lux
516 4429 664 4478 aliunditur
682 4427 767 4477 verbis
784 4429 974 4492 Theopompeis
991 4424 1037 4476 καὶ
1055 4431 1102 4477 νῦν
1120 4429 1147 4477 in
1165 4429 1251 4478 Schol.
1270 4427 1344 4477 Pind.
1363 4432 1390 4476 et

167 4530 232 4576 quae
254 4530 315 4566 cum
340 4516 372 4564 iis
395 4515 534 4564 convenire
558 4514 673 4562 vidimus
693 4511 705 4574 ξ
723 4512 754 4561 ai
772 4508 817 4561 τὸν
834 4510 870 4562 ἔτι
888 4515 935 4560 νῦν
952 4509 1105 4576 διαμένοντα
1124 4515 1192 4576 apud
1212 4514 1388 4562 Athenaeum.

168 4597 250 4662 Quae,
268 4601 407 4649 utstatim
427 4598 575 4663 apparebit,
592 4614 623 4648 ex
642 4599 745 4662 Ephoro
764 4599 907 4649 tinxerunt.
934 4599 959 4648 ls
976 4603 1067 4647 autem
1085 4613 1116 4646 ea
1133 4598 1186 4646 iam
1204 4604 1341 4660 acceperat
1357 4615 1387 4647 ex

168 4682 314 4733 defensione
338 4682 548 4746 Corinthiorum,
573 4685 617 4747 qui
635 4685 712 4747 quasi
729 4683 878 4732 invitabant
895 4683 1071 4744 cavillatores,
1097 4687 1127 4730 ut
1144 4697 1234 4732 rerum
1252 4689 1388 4746 gestarum

168 4771 244 4815 testes
258 4767 415 4830 superstites
430 4769 511 4817 oeulis
525 4769 679 4831 aspicerent.
698 4769 771 4827 Quae
786 4769 895 4832 impune
912 4770 994 4832 repeti
1009 4773 1153 4830 potuerunt
1168 4769 1236 4831 apud
1255 4769 1387 4830 Ephorum

169 4855 244 4913 atque
255 4851 469 4916 Theopompum,
487 4867 518 4901 ea
529 4853 629 4900 iontem
643 4854 784 4916 antiquum
797 4855 906 4916 sapiunt
917 4854 984 4916 apud
999 4853 1181 4914 Athenaeum,
1197 4853 1229 4901 cl.
1242 4850 1255 4912 ἓ
1268 4851 1299 4900 ai
1313 4869 1338 4902 n.
1347 4851 1386 4902 i9.
