3572 5716
349 482 425 558 oap.
450 479 518 557 111,
543 482 591 542 οι.
931 480 990 540 216

348 669 528 728 Mnasaloae
554 669 625 728 VII.
653 668 712 728 242
740 670 848 728 extare
877 668 1015 727 vidimus
1042 668 1275 744 condicionem,
1307 668 1440 727 eandem
1462 669 1575 726 adesse

347 767 480 841 apparet
504 766 587 824 inter
611 765 792 825 Simonidea
813 783 884 841 epp.
906 765 1158 841 Eurymedontia
1180 765 1250 823 VII.
1272 765 1331 824 258
1352 766 1383 823 et
1403 765 1474 823 VII.
1495 764 1571 840 443,

348 881 452 938 neque
471 865 534 940 est,
559 864 646 938 quod
667 863 867 938 dubitemuS,
891 863 970 938 quin
990 863 1049 923 hoe
1063 881 1112 938 ep.
1128 880 1187 938 pro
1201 863 1376 922 imitatione
1392 863 1574 922 Simonidea

348 961 528 1020 Mnasaleae
545 960 728 1019 habendum
748 961 802 1034 sit;
826 978 922 1036 quem
940 978 1068 1036 quoque
1086 977 1223 1036 arguere
1240 960 1399 1035 videntur,
1421 962 1457 1018 ut
1475 977 1574 1035 supra

347 1059 410 1118 iam
438 1058 471 1116 in
499 1058 637 1118 transitu
665 1059 805 1117 indicare
829 1061 963 1118 conatus
985 1076 1075 1133 sum,
1107 1059 1193 1118 voois
1215 1054 1430 1123 ἀκοντοδόκος
1450 1058 1574 1116 abusus

347 1159 378 1216 et
398 1156 636 1232 epigrammatis
658 1157 695 1216 09
717 1157 859 1216 imitatio.
898 1159 939 1217 Ut
960 1157 1023 1216 iam
1046 1157 1156 1216 monui
1179 1154 1213 1234 (ὅ
1238 1154 1309 1231 126)
1332 1173 1449 1215 nomen
1473 1155 1573 1215 Simo-

348 1255 432 1313 nidis
458 1257 565 1314 0rtum
591 1272 662 1314 esse
684 1255 809 1315 videtur
830 1273 868 1313 ex
890 1259 964 1315 nota
990 1255 1190 1315 Simonideae
1211 1254 1395 1314 imitationis
1417 1255 1573 1329 epigram-

348 1354 424 1412 mati
459 1352 622 1428 apposita;
659 1352 710 1411 oui
746 1356 839 1411 notae
872 1353 935 1412 iam
971 1335 1148 1428 antiquitus
1183 1353 1303 1412 adiecta
1338 1352 1464 1411 videtur
1499 1353 1574 1410 uota

348 1451 528 1526 argumenti
552 1447 604 1526 (of.
629 1448 648 1526 ἓ
674 1451 730 1509 128
751 1451 790 1510 de
811 1451 967 1526 Tegeatioi
989 1452 1228 1528 epigrammatis
1249 1448 1420 1526 lemmate).

388 1549 643 1624 Epigrammata,
678 1565 761 1622 quae
792 1549 824 1606 in
857 1549 917 1607 hoo
947 1566 996 1624 ep.
1028 1550 1258 1624 respiciuntur,
1292 1548 1398 1607 omnia
1429 1547 1462 1605 in
1493 1546 1570 1622 Syll.

350 1645 531 1705 Simonidea
558 1646 692 1705 affuisse
719 1647 782 1706 iam
812 1647 904 1705 nobis
929 1649 1092 1722 apparuit:
1121 1664 1192 1721 epp.
1215 1645 1271 1705 105
1293 1649 1323 1704 et
1344 1645 1382 1706 99
1403 1663 1442 1704 ex
1463 1645 1575 1703 ordine

348 1744 492 1803 Palatino
512 1743 698 1804 'Simonidea
720 1741 773 1820 (oi.
797 1741 816 1820 ᾗ
841 1742 928 1820 101),
952 1744 992 1803 de
1012 1762 1061 1819 ep.
1084 1745 1139 1803 111
1162 1744 1202 1804 of.
1225 1741 1268 1820 ἐξ
1292 1743 1346 1819 37,
1369 1742 1417 1802 43.

390 1840 409 1919 5
433 1841 499 1901 128.
545 1839 596 1900 De
617 1839 870 1917 epigrammate
893 1839 1069 1919 Tegeatioo
1091 1841 1169 1901 103.
1206 1842 1276 1900 Duo
1291 1841 1374 1900 inter
1393 1839 1573 1900 Simoniden

348 1939 425 1997 suut
445 1939 674 2014 epigrammata
697 1939 879 2015 Tegeatioa,
906 1957 1044 2014 quorum
1066 1939 1208 1999 condicio
1229 1957 1248 1998 a
1270 1938 1348 1996 viris
1369 1937 1470 1996 doetis
1492 1941 1574 1995 reete

348 2036 496 2096 constitui
519 2054 582 2094 non
604 2037 721 2111 potuit,
746 2053 819 2095 oum
841 2038 896 2095 aut
917 2039 1091 2111 utrumque
1112 2036 1152 2096 ab
1174 2036 1283 2094 eodem
1305 2038 1433 2094 auctore
1454 2034 1573 2110 profec-

348 2135 415 2192 tum
451 2151 521 2192 esse
552 2151 611 2208 pro
642 2135 805 2210 explorato
836 2134 990 2197 haberent
1022 2136 1077 2193 aut
1109 2133 1341 2193 eonfunderent
1372 2132 1573 2207 quaestiones

348 2249 482 2307 prorsus
510 2232 655 2290 diversas
683 2232 723 2291 de
744 2220 870 2308 'origiue
891 2232 1158 2308 epigrammatum
1180 2249 1219 2290 ex
1243 2231 1370 2307 Sylloge
1393 2230 1573 2290 Simonidea

347 2331 377 2388 et
398 2329 438 2387 de
461 2329 633 2389 Simonidis
655 2326 851 2388 auctoritate.
880 2331 975 2390 ane:

388 2427 447 2501 Ep.
474 2427 540 2486 102.
565 2427 627 2486 ΑΡ.
649 2428 719 2487 VII.
745 2428 818 2488 512:

509 2522 609 2584 τῶνδε
631 2522 671 2585 δι’
689 2523 877 2602 ἀνθρώπων
899 2523 1012 2602 ἀρετὰν
1033 2523 1093 2603 οὐχ
1114 2524 1196 2585 ἵκετο
1218 2522 1340 2591 καπνὸς

547 2619 661 2698 αἰθέρα
684 2620 853 2699 δαιομένας
874 2619 1052 2701 εὐρυχόρου
1077 2619 1205 2700 Τεγέας,

508 2719 541 2778 οἳ
557 2717 711 2796 βούλοντο
731 2718 821 2780 πόλιν
842 2717 901 2796 μὲν
922 2717 1084 2797 ἐλευθερίᾳ
1105 2717 1272 2780 τεθαλυῖαν

547 2816 634 2877 παισὶ
655 2816 764 2888 λιπεῖν,
786 2815 875 2878 αὐτοὶ
897 2816 926 2878 θ’
946 2817 979 2878 ἓν
998 2816 1192 2897 προμάχοισι
1213 2816 1330 2878 θανεῖν.

388 2915 447 2989 Ep.
478 2915 544 2974 103.
573 2918 635 2976 ΑΡ.
660 2919 730 2977 VII.
759 2918 817 2976 442
848 2915 1020 2994 (praeeedit
1048 2917 1229 2976 Mnasaleae
1249 2915 1416 2975 imitationi
1440 2913 1572 2974 Simoni-

348 3013 425 3073 deae
446 3015 716 3090 Eurymedontiae
739 3015 826 3092 106):
928 3007 963 3100 ’1,-

509 3109 707 3191 εὐθυμάχων
729 3110 857 3190 ἀνδρῶν
879 3110 1097 3191 μνησώμεθα,
1119 3115 1183 3172 τῶν
1204 3109 1259 3172 ὅδε
1280 3109 1414 3189 τύμβος,

548 3209 582 3269 οἳ
597 3208 700 3270 θάνον
721 3209 860 3288 εὔμηλον
881 3208 1032 3288 ῥυόμενοι
1056 3207 1183 3288 Τεγέαν,

508 3306 655 3385 αἰχμηταὶ
675 3305 738 3385 πρὸ
760 3306 895 3386 πόληος,
917 3308 967 3368 ἵνα
989 3306 1074 3387 σφίσι
1095 3305 1140 3387 μὴ
1163 3306 1334 3386 καθέληται

545 3401 654 3471 Ἑλλὰς
675 3403 900 3484 ἀποφθιμένου
922 3403 1044 3483 κρατὸς,
1060 3403 1248 3482 ἐλευθερίαν.

349 3501 458 3561 Kaibel
489 3521 519 3577 p.
551 3502 609 3562 457
641 3505 815 3578 utrumque
846 3521 894 3580 ep.
926 3523 984 3579 pro
1015 3505 1266 3563 demonstrativo
1298 3502 1429 3576 habuit,
1469 3501 1573 3574 Bergk

348 3602 458 3659 eontra
493 3603 667 3674 utrumque
701 3620 720 3660 a
753 3601 916 3660 Simonide
946 3602 1108 3660 eonditum
1140 3601 1333 3660 existimavit
1364 3618 1407 3658 so.
1440 3599 1572 3657 alterurn

348 3716 396 3772 ep.
425 3697 481 3756 103
511 3699 657 3772 sepulcro
685 3699 879 3758 destinatum
910 3698 963 3775 (of.
989 3718 1019 3758 v.
1044 3701 1072 3759 1.
1096 3702 1160 3768 fulv
1182 3697 1237 3759 ὅδε
1258 3697 1408 3775 τύμβος),
1439 3698 1573 3757 alterum

350 3796 406 3855 102
434 3797 635 3871 cenotaphi03
666 3797 838 3856 Hauvettio
867 3791 1043 3872 genuinum
1071 3799 1091 3856 i.
1116 3798 1343 3883 e‚,Simonidis
1373 3796 1498 3855 videtur
1522 3811 1569 3868 ep.

349 3894 423 3969 103,
447 3895 615 3952 imitatoris
637 3897 742 3953 autem
765 3895 899 3953 alieuius
921 3913 969 3970 ep.
994 3895 1060 3954 102.
1095 3897 1164 3954 Mea
1186 3898 1291 3955 autem
1313 3895 1462 3970 opinione
1482 3894 1573 3968 plane

348 3992 507 4050 contraria
538 3992 629 4050 adest
661 3992 818 4050 oondioio:
851 4010 899 4066 ep.
932 3992 989 4051 102
1021 3994 1197 4068 genuinum
1225 3996 1274 4051 est
1301 3993 1321 4051 i.
1346 4011 1372 4051 e.
1400 4009 1417 4050 e
1448 3991 1574 4067 Sylloge

351 4088 532 4148 Simonidea
563 4092 775 4164 propagatum
807 4123 846 4130 -
877 4108 951 4150 nam
982 4091 1022 4149 de
1052 4091 1174 4166 origine
1206 4094 1301 4165 atque
1331 4093 1461 4150 auctore
1489 4105 1573 4147 nune

349 4203 413 4244 non
436 4186 608 4244 videndum
630 4187 694 4260 est,
720 4204 915 4261 quamquam
937 4189 1069 4247 lectores
1091 4206 1221 4248 monere
1242 4189 1335 4248 velim
1353 4190 1413 4248 hoe
1430 4189 1572 4264 puleher·

349 4284 466 4342 rimum
498 4302 545 4358 ep.
577 4300 679 4341 unum
712 4301 782 4343 esse
813 4303 851 4343 ex
882 4286 1085 4360 paucissimis
1117 4286 1195 4361 illis,
1230 4305 1312 4362 quae
1343 4286 1422 4360 quin
1450 4288 1573 4361 praeter

349 4381 631 4457 Thermopylensia
659 4382 712 4440 illa
741 4384 801 4440 tria
822 4384 891 4440 iure
913 4401 930 4442 a
953 4384 1125 4444 Colleotore
1148 4384 1303 4442 Simonidi
1325 4384 1484 4443 vindicata
1505 4399 1573 4442 esse

348 4479 491 4553 putanda
522 4478 601 4553 sint,
636 4496 701 4536 non
733 4480 860 4556 dubito,
894 4483 933 4540 ef.
969 4480 987 4558 ξ
1023 4482 1080 4540 140
1111 4485 1140 4540 et
1172 4501 1202 4557 p.
1232 4483 1263 4541 h.
1292 4500 1404 4541 oomm.
1435 4483 1487 4541 alt.
1517 4515 1569 4554 —‚

324 4593 397 4650 ep.
421 4575 476 4634 103
499 4577 605 4633 autem
626 4576 759 4636 imitatio
783 4577 963 4637 Simonidea
986 4579 1166 4638 Mnasaloae
1187 4584 1244 4638 est.

388 4673 487 4731 Miror
523 4673 750 4750 Hauvettium‚
788 4693 984 4751 quamquam
1018 4676 1223 4744 intellexerit,
1242 4695 1305 4736 uon
1341 4694 1472 4736 neeesse
1505 4693 1573 4734 esse

349 4769 449 4828 eidem
478 4771 599 4828 auotori
628 4770 734 4831 deberi
764 4776 937 4848 utrumque
959 4793 1020 4850 ep,
1053 4792 1116 4834 non
1139 4775 1278 4834 sensisse
1299 4775 1496 4850 epigramma
1518 4773 1572 4832 103
