<?xml version="1.0" encoding="UTF-8"?>
<!DOCTYPE html PUBLIC "-//W3C//DTD XHTML 1.0 Transitional//EN"
    "http://www.w3.org/TR/xhtml1/DTD/xhtml1-transitional.dtd">
<html xmlns="http://www.w3.org/1999/xhtml" xml:lang="en" lang="en">
 <head>
  <title>
</title>
<meta http-equiv="Content-Type" content="text/html;charset=utf-8" />
  <meta name='ocr-system' content='tesseract 3.04.00' />
  <meta name='ocr-capabilities' content='ocr_page ocr_carea ocr_par ocr_line ocrx_word'/>
</head>
<body>
  <div class='ocr_page' id='page_1' title='image "./deepigrammatiss00boasgoog_0237.png"; bbox 0 0 3572 5716; ppageno 0'>
   <div class='ocr_carea' id='block_1_1' title="bbox 779 508 1418 587">
    <p class='ocr_par' dir='ltr' id='par_1_1' title="bbox 779 508 1418 587">
     <span class='ocr_line' id='line_1_1' title="bbox 779 508 1418 587; baseline -0.002 -19"><span class='ocrx_word' id='word_1_1' title='bbox 779 510 837 568; x_wconf 85' lang='lat'><strong>215</strong></span> <span class='ocrx_word' id='word_1_2' title='bbox 1307 508 1326 587; x_wconf 65' lang='grc' dir='ltr'><strong><em>ς</em></strong></span> <span class='ocrx_word' id='word_1_3' title='bbox 1351 511 1418 570; x_wconf 82' lang='lat'><strong>127.</strong></span> 
     </span>
    </p>
   </div>
   <div class='ocr_carea' id='block_1_2' title="bbox 192 692 1445 3711">
    <p class='ocr_par' dir='ltr' id='par_1_2' title="bbox 195 692 1445 1458">
     <span class='ocr_line' id='line_1_2' title="bbox 199 692 1418 774; baseline -0.002 -17"><span class='ocrx_word' id='word_1_4' title='bbox 199 700 305 756; x_wconf 81' lang='lat' dir='ltr'><strong>auctor</strong></span> <span class='ocrx_word' id='word_1_5' title='bbox 322 698 402 755; x_wconf 89' lang='lat' dir='ltr'><strong>adeo</strong></span> <span class='ocrx_word' id='word_1_6' title='bbox 419 714 549 758; x_wconf 88' lang='lat' dir='ltr'><strong>necesse</strong></span> <span class='ocrx_word' id='word_1_7' title='bbox 567 697 722 755; x_wconf 84' lang='lat' dir='ltr'>habuerat</span> <span class='ocrx_word' id='word_1_8' title='bbox 738 697 855 754; x_wconf 85' lang='lat' dir='ltr'>addere</span> <span class='ocrx_word' id='word_1_9' title='bbox 872 714 1002 754; x_wconf 89' lang='lat' dir='ltr'><strong>causam</strong></span> <span class='ocrx_word' id='word_1_10' title='bbox 1023 692 1124 771; x_wconf 79' lang='grc' dir='ltr'><strong><em>(ἐπεί</em></strong></span> <span class='ocrx_word' id='word_1_11' title='bbox 1139 694 1194 773; x_wconf 82' lang='grc' dir='ltr'><strong>αφ’</strong></span> <span class='ocrx_word' id='word_1_12' title='bbox 1211 694 1305 774; x_wconf 84' lang='grc' dir='ltr'><strong><em>ἀρετὴ</em></strong></span> <span class='ocrx_word' id='word_1_13' title='bbox 1323 693 1418 771; x_wconf 81' lang='grc' dir='ltr'><strong><em>κτλ),</em></strong></span> 
     </span>
     <span class='ocr_line' id='line_1_3' title="bbox 198 794 1422 871; baseline -0.001 -17"><span class='ocrx_word' id='word_1_14' title='bbox 198 814 259 871; x_wconf 88' lang='lat' dir='ltr'><strong>que</strong></span> <span class='ocrx_word' id='word_1_15' title='bbox 284 796 425 854; x_wconf 81' lang='lat' dir='ltr'><strong>imitator</strong></span> <span class='ocrx_word' id='word_1_16' title='bbox 452 794 603 853; x_wconf 91' lang='lat' dir='ltr'><strong>nimirum</strong></span> <span class='ocrx_word' id='word_1_17' title='bbox 633 811 667 853; x_wconf 91' lang='lat' dir='ltr'><strong>se</strong></span> <span class='ocrx_word' id='word_1_18' title='bbox 695 811 803 854; x_wconf 87' lang='lat' dir='ltr'><strong>carere</strong></span> <span class='ocrx_word' id='word_1_19' title='bbox 823 811 918 868; x_wconf 89' lang='lat' dir='ltr'><strong>posse</strong></span> <span class='ocrx_word' id='word_1_20' title='bbox 939 794 1114 852; x_wconf 79' lang='lat' dir='ltr'><strong>arbitratus</strong></span> <span class='ocrx_word' id='word_1_21' title='bbox 1136 796 1193 852; x_wconf 88' lang='lat' dir='ltr'><strong>est.</strong></span> <span class='ocrx_word' id='word_1_22' title='bbox 1231 794 1422 868; x_wconf 87' lang='lat' dir='ltr'><strong>Superfluae</strong></span> 
     </span>
     <span class='ocr_line' id='line_1_4' title="bbox 197 890 1420 978; baseline -0.002 -26"><span class='ocrx_word' id='word_1_23' title='bbox 197 895 292 970; x_wconf 91' lang='lat' dir='ltr'><strong>igitur</strong></span> <span class='ocrx_word' id='word_1_24' title='bbox 319 897 396 952; x_wconf 87' lang='lat' dir='ltr'><strong>sunt</strong></span> <span class='ocrx_word' id='word_1_25' title='bbox 424 894 636 952; x_wconf 87' lang='lat' dir='ltr'><strong>coniecturae:</strong></span> <span class='ocrx_word' id='word_1_26' title='bbox 666 890 819 971; x_wconf 80' lang='grc' dir='ltr'><strong><em>εὖτμόχαιν</em></strong></span> <span class='ocrx_word' id='word_1_27' title='bbox 847 893 993 978; x_wconf 71' lang='lat' dir='ltr'><strong>Meinelrii</strong></span> <span class='ocrx_word' id='word_1_28' title='bbox 1022 910 1040 951; x_wconf 90' lang='lat' dir='ltr'><strong>a</strong></span> <span class='ocrx_word' id='word_1_29' title='bbox 1071 892 1206 951; x_wconf 89' lang='lat' dir='ltr'><strong>Stadtm.</strong></span> <span class='ocrx_word' id='word_1_30' title='bbox 1237 893 1270 950; x_wconf 90' lang='lat' dir='ltr'><strong>in</strong></span> <span class='ocrx_word' id='word_1_31' title='bbox 1298 894 1420 950; x_wconf 87' lang='lat' dir='ltr'><strong>textum</strong></span> 
     </span>
     <span class='ocr_line' id='line_1_5' title="bbox 197 988 1420 1069; baseline -0.001 -20"><span class='ocrx_word' id='word_1_32' title='bbox 197 994 339 1066; x_wconf 85' lang='lat' dir='ltr'><strong>recepta,</strong></span> <span class='ocrx_word' id='word_1_33' title='bbox 379 989 518 1069; x_wconf 80' lang='grc' dir='ltr'><em>ἀψύχων</em></span> <span class='ocrx_word' id='word_1_34' title='bbox 557 991 750 1066; x_wconf 85' lang='lat' dir='ltr'><strong>Hartungii,</strong></span> <span class='ocrx_word' id='word_1_35' title='bbox 792 989 912 1068; x_wconf 81' lang='grc' dir='ltr'><strong><em>ἔμψυχ’</em></strong></span> <span class='ocrx_word' id='word_1_36' title='bbox 946 988 1085 1068; x_wconf 83' lang='grc' dir='ltr'><em>ἀψύχων</em></span> <span class='ocrx_word' id='word_1_37' title='bbox 1121 992 1261 1066; x_wconf 90' lang='lat' dir='ltr'><strong>Bergkii.</strong></span> <span class='ocrx_word' id='word_1_38' title='bbox 1306 991 1420 1049; x_wconf 84' lang='lat' dir='ltr'><strong>Itidem</strong></span> 
     </span>
     <span class='ocr_line' id='line_1_6' title="bbox 199 1085 1421 1164; baseline -0.001 -16"><span class='ocrx_word' id='word_1_39' title='bbox 199 1089 352 1148; x_wconf 88' lang='lat' dir='ltr'><strong>Simonidi</strong></span> <span class='ocrx_word' id='word_1_40' title='bbox 389 1089 523 1147; x_wconf 91' lang='lat' dir='ltr'><strong>debetur</strong></span> <span class='ocrx_word' id='word_1_41' title='bbox 558 1089 673 1148; x_wconf 87' lang='lat' dir='ltr'><strong>locutio</strong></span> <span class='ocrx_word' id='word_1_42' title='bbox 709 1087 767 1147; x_wconf 86' lang='grc' dir='ltr'><strong>ἅδε</strong></span> <span class='ocrx_word' id='word_1_43' title='bbox 802 1085 939 1147; x_wconf 75' lang='grc' dir='ltr'><em>κέκευθε</em></span> <span class='ocrx_word' id='word_1_44' title='bbox 974 1085 1081 1162; x_wconf 84' lang='grc' dir='ltr'><strong><em>κόνις,</em></strong></span> <span class='ocrx_word' id='word_1_45' title='bbox 1121 1106 1164 1147; x_wconf 88' lang='lat' dir='ltr'><strong>se.</strong></span> <span class='ocrx_word' id='word_1_46' title='bbox 1199 1088 1421 1164; x_wconf 86' lang='lat' dir='ltr'><strong>epigrammati</strong></span> 
     </span>
     <span class='ocr_line' id='line_1_7' title="bbox 196 1183 1422 1263; baseline 0 -17"><span class='ocrx_word' id='word_1_47' title='bbox 196 1188 385 1246; x_wconf 88' lang='lat' dir='ltr'><strong>Archedioae</strong></span> <span class='ocrx_word' id='word_1_48' title='bbox 416 1187 492 1261; x_wconf 89' lang='lat'><strong>111,</strong></span> <span class='ocrx_word' id='word_1_49' title='bbox 527 1205 591 1245; x_wconf 91' lang='lat' dir='ltr'><strong>non</strong></span> <span class='ocrx_word' id='word_1_50' title='bbox 620 1187 722 1262; x_wconf 89' lang='lat' dir='ltr'><strong>magis</strong></span> <span class='ocrx_word' id='word_1_51' title='bbox 749 1187 848 1262; x_wconf 90' lang='lat' dir='ltr'><strong>igitur</strong></span> <span class='ocrx_word' id='word_1_52' title='bbox 875 1186 1065 1244; x_wconf 88' lang='lat' dir='ltr'><strong>coniecturis</strong></span> <span class='ocrx_word' id='word_1_53' title='bbox 1093 1186 1285 1245; x_wconf 89' lang='lat' dir='ltr'><strong>eliminanda</strong></span> <span class='ocrx_word' id='word_1_54' title='bbox 1315 1183 1422 1263; x_wconf 75' lang='grc' dir='ltr'><strong><em>(τάνδε</em></strong></span> 
     </span>
     <span class='ocr_line' id='line_1_8' title="bbox 195 1280 1445 1361; baseline -0.005 -17"><span class='ocrx_word' id='word_1_55' title='bbox 195 1283 330 1344; x_wconf 71' lang='grc' dir='ltr'><strong><em>κέκευθε</em></strong></span> <span class='ocrx_word' id='word_1_56' title='bbox 356 1282 444 1344; x_wconf 83' lang='grc' dir='ltr'><strong><em>κόνιν</em></strong></span> <span class='ocrx_word' id='word_1_57' title='bbox 472 1285 643 1361; x_wconf 82' lang='lat' dir='ltr'><strong>Hartung,</strong></span> <span class='ocrx_word' id='word_1_58' title='bbox 677 1280 735 1343; x_wconf 82' lang='grc' dir='ltr'><strong>ἅδε</strong></span> <span class='ocrx_word' id='word_1_59' title='bbox 763 1281 916 1350; x_wconf 69' lang='grc' dir='ltr'><strong><em>κέλευθος</em></strong></span> <span class='ocrx_word' id='word_1_60' title='bbox 942 1282 1005 1361; x_wconf 81' lang='grc' dir='ltr'><strong><em>ἔχει</em></strong></span> <span class='ocrx_word' id='word_1_61' title='bbox 1032 1285 1172 1358; x_wconf 85' lang='lat' dir='ltr'><strong>Hecker,</strong></span> <span class='ocrx_word' id='word_1_62' title='bbox 1206 1281 1259 1342; x_wconf 83' lang='grc' dir='ltr'><strong>ἅδ’</strong></span> <span class='ocrx_word' id='word_1_63' title='bbox 1283 1281 1445 1361; x_wconf 73' lang='grc' dir='ltr'><strong>ἀνέθηκε,</strong></span> 
     </span>
     <span class='ocr_line' id='line_1_9' title="bbox 195 1379 1377 1458; baseline -0.001 -18"><span class='ocrx_word' id='word_1_64' title='bbox 195 1379 283 1448; x_wconf 79' lang='grc' dir='ltr'><strong><em>πόλις</em></strong></span> <span class='ocrx_word' id='word_1_65' title='bbox 304 1383 515 1441; x_wconf 86' lang='lat' dir='ltr'><strong>Reitzenstein</strong></span> <span class='ocrx_word' id='word_1_66' title='bbox 538 1401 568 1458; x_wconf 87' lang='lat' dir='ltr'><strong>p.</strong></span> <span class='ocrx_word' id='word_1_67' title='bbox 588 1382 661 1457; x_wconf 92' lang='grc'><strong>115,</strong></span> <span class='ocrx_word' id='word_1_68' title='bbox 685 1382 804 1441; x_wconf 81' lang='lat' dir='ltr'><strong>Jacobs</strong></span> <span class='ocrx_word' id='word_1_69' title='bbox 825 1384 927 1441; x_wconf 88' lang='lat' dir='ltr'><strong>totum</strong></span> <span class='ocrx_word' id='word_1_70' title='bbox 949 1399 979 1439; x_wconf 91' lang='lat' dir='ltr'><strong>v.</strong></span> <span class='ocrx_word' id='word_1_71' title='bbox 997 1381 1016 1439; x_wconf 81' lang='lat'>4</span> <span class='ocrx_word' id='word_1_72' title='bbox 1037 1381 1205 1439; x_wconf 90' lang='lat' dir='ltr'><strong>delendum</strong></span> <span class='ocrx_word' id='word_1_73' title='bbox 1229 1379 1377 1456; x_wconf 83' lang='lat' dir='ltr'><strong>censuit).</strong></span> 
     </span>
    </p>

    <p class='ocr_par' dir='ltr' id='par_1_3' title="bbox 194 1479 1421 2244">
     <span class='ocr_line' id='line_1_10' title="bbox 233 1479 1421 1555; baseline -0.001 -17"><span class='ocrx_word' id='word_1_74' title='bbox 233 1481 352 1540; x_wconf 83' lang='lat' dir='ltr'><strong>Auctor</strong></span> <span class='ocrx_word' id='word_1_75' title='bbox 372 1481 548 1540; x_wconf 78' lang='lat' dir='ltr'><strong>cumulavit</strong></span> <span class='ocrx_word' id='word_1_76' title='bbox 568 1481 762 1555; x_wconf 88' lang='lat' dir='ltr'><strong>locutiones,</strong></span> <span class='ocrx_word' id='word_1_77' title='bbox 794 1480 912 1555; x_wconf 89' lang='lat' dir='ltr'><strong>quibus</strong></span> <span class='ocrx_word' id='word_1_78' title='bbox 934 1480 1093 1554; x_wconf 86' lang='lat' dir='ltr'><strong>genuinae</strong></span> <span class='ocrx_word' id='word_1_79' title='bbox 1112 1479 1329 1555; x_wconf 82' lang='lat' dir='ltr'><strong>inscriptionis</strong></span> <span class='ocrx_word' id='word_1_80' title='bbox 1351 1497 1421 1554; x_wconf 90' lang='lat' dir='ltr'><strong>spe-</strong></span> 
     </span>
     <span class='ocr_line' id='line_1_11' title="bbox 195 1573 1420 1655; baseline -0.001 -18"><span class='ocrx_word' id='word_1_81' title='bbox 195 1578 256 1637; x_wconf 87' lang='lat' dir='ltr'><strong>cies</strong></span> <span class='ocrx_word' id='word_1_82' title='bbox 287 1579 509 1655; x_wconf 83' lang='lat' dir='ltr'><strong>epigrammati</strong></span> <span class='ocrx_word' id='word_1_83' title='bbox 539 1577 790 1637; x_wconf 86' lang='lat' dir='ltr'><strong>demonstrativo</strong></span> <span class='ocrx_word' id='word_1_84' title='bbox 822 1579 1052 1653; x_wconf 87' lang='lat' dir='ltr'><strong>apponeretur:</strong></span> <span class='ocrx_word' id='word_1_85' title='bbox 1084 1573 1200 1646; x_wconf 78' lang='grc' dir='ltr'><strong><em>τῶνδε,</em></strong></span> <span class='ocrx_word' id='word_1_86' title='bbox 1231 1575 1322 1646; x_wconf 84' lang='grc' dir='ltr'><strong><em>ποτέ,</em></strong></span> <span class='ocrx_word' id='word_1_87' title='bbox 1354 1575 1420 1655; x_wconf 86' lang='grc' dir='ltr'><strong><em>ἥδε.</em></strong></span> 
     </span>
     <span class='ocr_line' id='line_1_12' title="bbox 197 1675 1420 1751; baseline -0.003 -15"><span class='ocrx_word' id='word_1_88' title='bbox 197 1677 307 1737; x_wconf 90' lang='lat' dir='ltr'><strong>Sermo</strong></span> <span class='ocrx_word' id='word_1_89' title='bbox 335 1678 463 1736; x_wconf 83' lang='lat' dir='ltr'><strong>fucatus</strong></span> <span class='ocrx_word' id='word_1_90' title='bbox 488 1679 584 1751; x_wconf 87' lang='lat' dir='ltr'><strong>atque</strong></span> <span class='ocrx_word' id='word_1_91' title='bbox 604 1680 768 1736; x_wconf 87' lang='lat' dir='ltr'><strong>contortus</strong></span> <span class='ocrx_word' id='word_1_92' title='bbox 790 1677 948 1734; x_wconf 89' lang='lat' dir='ltr'><strong>neminem</strong></span> <span class='ocrx_word' id='word_1_93' title='bbox 970 1676 1054 1734; x_wconf 90' lang='lat' dir='ltr'><strong>latet.</strong></span> <span class='ocrx_word' id='word_1_94' title='bbox 1088 1675 1321 1734; x_wconf 83' lang='lat' dir='ltr'><strong>Alexandrinae</strong></span> <span class='ocrx_word' id='word_1_95' title='bbox 1342 1675 1420 1733; x_wconf 90' lang='lat' dir='ltr'><strong>artis</strong></span> 
     </span>
     <span class='ocr_line' id='line_1_13' title="bbox 195 1771 1420 1851; baseline -0.003 -18"><span class='ocrx_word' id='word_1_96' title='bbox 195 1778 241 1833; x_wconf 88' lang='lat' dir='ltr'><strong>est</strong></span> <span class='ocrx_word' id='word_1_97' title='bbox 262 1776 454 1851; x_wconf 87' lang='lat' dir='ltr'><strong>praepositio</strong></span> <span class='ocrx_word' id='word_1_98' title='bbox 476 1771 541 1833; x_wconf 86' lang='grc' dir='ltr'><strong><em>ἀντὶ</em></strong></span> <span class='ocrx_word' id='word_1_99' title='bbox 561 1775 594 1832; x_wconf 90' lang='lat' dir='ltr'><strong>in</strong></span> <span class='ocrx_word' id='word_1_100' title='bbox 616 1775 813 1833; x_wconf 87' lang='lat' dir='ltr'><strong>carminibus</strong></span> <span class='ocrx_word' id='word_1_101' title='bbox 835 1773 1082 1848; x_wconf 89' lang='lat' dir='ltr'><strong>sepulcralibus,</strong></span> <span class='ocrx_word' id='word_1_102' title='bbox 1107 1773 1199 1831; x_wconf 90' lang='lat' dir='ltr'><strong>cuius</strong></span> <span class='ocrx_word' id='word_1_103' title='bbox 1220 1773 1364 1846; x_wconf 90' lang='lat' dir='ltr'><strong>exempla</strong></span> <span class='ocrx_word' id='word_1_104' title='bbox 1381 1789 1420 1830; x_wconf 91' lang='lat' dir='ltr'><strong>ex</strong></span> 
     </span>
     <span class='ocr_line' id='line_1_14' title="bbox 196 1869 1418 1948; baseline -0.004 -16"><span class='ocrx_word' id='word_1_105' title='bbox 196 1873 387 1933; x_wconf 85' lang='lat' dir='ltr'><strong>Callimacho</strong></span> <span class='ocrx_word' id='word_1_106' title='bbox 414 1873 537 1947; x_wconf 86' lang='lat' dir='ltr'><strong>collegit</strong></span> <span class='ocrx_word' id='word_1_107' title='bbox 565 1873 690 1931; x_wconf 90' lang='lat' dir='ltr'><strong>Hecker</strong></span> <span class='ocrx_word' id='word_1_108' title='bbox 718 1873 751 1930; x_wconf 96' lang='lat' dir='ltr'><strong>II</strong></span> <span class='ocrx_word' id='word_1_109' title='bbox 780 1891 810 1947; x_wconf 92' lang='lat' dir='ltr'><strong>p.</strong></span> <span class='ocrx_word' id='word_1_110' title='bbox 839 1871 897 1930; x_wconf 84' lang='lat'><strong>292</strong></span> <span class='ocrx_word' id='word_1_111' title='bbox 928 1869 1012 1948; x_wconf 90' lang='lat' dir='ltr'><strong>(VII.</strong></span> <span class='ocrx_word' id='word_1_112' title='bbox 1040 1871 1146 1945; x_wconf 79' lang='lat'><strong>271,5;</strong></span> <span class='ocrx_word' id='word_1_113' title='bbox 1176 1869 1282 1945; x_wconf 80' lang='lat'><strong>467,7;</strong></span> <span class='ocrx_word' id='word_1_114' title='bbox 1312 1869 1418 1944; x_wconf 85' lang='grc'><strong>649,1;</strong></span> 
     </span>
     <span class='ocr_line' id='line_1_15' title="bbox 195 1966 1419 2046; baseline -0.002 -19"><span class='ocrx_word' id='word_1_115' title='bbox 195 1970 248 2028; x_wconf 90' lang='grc' dir='ltr'><strong>ΙΧ.</strong></span> <span class='ocrx_word' id='word_1_116' title='bbox 280 1968 408 2046; x_wconf 76' lang='grc'><strong>6003),</strong></span> <span class='ocrx_word' id='word_1_117' title='bbox 442 1971 498 2044; x_wconf 91' lang='lat' dir='ltr'><strong>qui</strong></span> <span class='ocrx_word' id='word_1_118' title='bbox 528 1973 621 2029; x_wconf 90' lang='lat' dir='ltr'><strong>antea</strong></span> <span class='ocrx_word' id='word_1_119' title='bbox 654 1971 669 2028; x_wconf 97' lang='grc' dir='ltr'>Ι</span> <span class='ocrx_word' id='word_1_120' title='bbox 701 1989 731 2045; x_wconf 93' lang='lat' dir='ltr'><strong>p.</strong></span> <span class='ocrx_word' id='word_1_121' title='bbox 763 1971 820 2029; x_wconf 83' lang='lat'><strong>224</strong></span> <span class='ocrx_word' id='word_1_122' title='bbox 853 1970 1120 2044; x_wconf 86' lang='lat' dir='ltr'><strong>praepositionem</strong></span> <span class='ocrx_word' id='word_1_123' title='bbox 1151 1967 1206 2026; x_wconf 92' lang='lat' dir='ltr'><strong>h.l.</strong></span> <span class='ocrx_word' id='word_1_124' title='bbox 1238 1966 1419 2026; x_wconf 87' lang='lat' dir='ltr'><strong>coniectura</strong></span> 
     </span>
     <span class='ocr_line' id='line_1_16' title="bbox 194 2061 1416 2143; baseline -0.002 -18"><span class='ocrx_word' id='word_1_125' title='bbox 194 2068 421 2128; x_wconf 86' lang='lat' dir='ltr'><strong>eliminaverat.</strong></span> <span class='ocrx_word' id='word_1_126' title='bbox 456 2070 565 2143; x_wconf 89' lang='lat' dir='ltr'><strong>Neque</strong></span> <span class='ocrx_word' id='word_1_127' title='bbox 593 2069 697 2143; x_wconf 90' lang='lat' dir='ltr'><strong>quinti</strong></span> <span class='ocrx_word' id='word_1_128' title='bbox 725 2069 774 2127; x_wconf 86' lang='lat' dir='ltr'><strong>vel</strong></span> <span class='ocrx_word' id='word_1_129' title='bbox 802 2069 908 2143; x_wconf 89' lang='lat' dir='ltr'><strong>quarti</strong></span> <span class='ocrx_word' id='word_1_130' title='bbox 938 2068 1055 2126; x_wconf 90' lang='lat' dir='ltr'><strong>saeculi</strong></span> <span class='ocrx_word' id='word_1_131' title='bbox 1076 2070 1124 2125; x_wconf 90' lang='lat' dir='ltr'><strong>est</strong></span> <span class='ocrx_word' id='word_1_132' title='bbox 1144 2064 1256 2125; x_wconf 81' lang='grc' dir='ltr'><strong><em>λοῦσεν</em></strong></span> <span class='ocrx_word' id='word_1_133' title='bbox 1276 2061 1416 2141; x_wconf 79' lang='grc' dir='ltr'><strong><em>ψακάδι,</em></strong></span> 
     </span>
     <span class='ocr_line' id='line_1_17' title="bbox 195 2163 1162 2244; baseline -0.001 -19"><span class='ocrx_word' id='word_1_134' title='bbox 195 2168 232 2226; x_wconf 87' lang='lat' dir='ltr'><strong>cf.</strong></span> <span class='ocrx_word' id='word_1_135' title='bbox 256 2166 363 2244; x_wconf 88' lang='grc' dir='ltr'><strong><em>αἵματι</em></strong></span> <span class='ocrx_word' id='word_1_136' title='bbox 384 2165 564 2244; x_wconf 80' lang='grc' dir='ltr'><strong><em>λουσάμενα</em></strong></span> <span class='ocrx_word' id='word_1_137' title='bbox 585 2167 618 2225; x_wconf 91' lang='lat' dir='ltr'><strong>in</strong></span> <span class='ocrx_word' id='word_1_138' title='bbox 640 2185 688 2242; x_wconf 91' lang='lat' dir='ltr'><strong>ep.</strong></span> <span class='ocrx_word' id='word_1_139' title='bbox 710 2167 767 2226; x_wconf 82' lang='grc'><strong>143</strong></span> <span class='ocrx_word' id='word_1_140' title='bbox 790 2166 928 2243; x_wconf 90' lang='lat' dir='ltr'><strong>(dequo</strong></span> <span class='ocrx_word' id='word_1_141' title='bbox 950 2167 1012 2225; x_wconf 91' lang='lat' dir='ltr'><strong>vid.</strong></span> <span class='ocrx_word' id='word_1_142' title='bbox 1036 2164 1055 2243; x_wconf 63' lang='grc' dir='ltr'>ξ</span> <span class='ocrx_word' id='word_1_143' title='bbox 1080 2163 1162 2241; x_wconf 87' lang='grc'><strong>130).</strong></span> 
     </span>
    </p>

    <p class='ocr_par' dir='ltr' id='par_1_4' title="bbox 192 2257 1420 3711">
     <span class='ocr_line' id='line_1_18' title="bbox 233 2257 1418 2339; baseline -0.003 -17"><span class='ocrx_word' id='word_1_144' title='bbox 233 2266 405 2325; x_wconf 86' lang='lat' dir='ltr'><strong>Videamus</strong></span> <span class='ocrx_word' id='word_1_145' title='bbox 436 2265 573 2339; x_wconf 89' lang='lat' dir='ltr'><strong>denique</strong></span> <span class='ocrx_word' id='word_1_146' title='bbox 599 2264 714 2323; x_wconf 90' lang='lat' dir='ltr'><strong>lemma</strong></span> <span class='ocrx_word' id='word_1_147' title='bbox 742 2263 785 2330; x_wconf 83' lang='grc' dir='ltr'><strong>εἰς</strong></span> <span class='ocrx_word' id='word_1_148' title='bbox 811 2261 884 2329; x_wconf 87' lang='grc' dir='ltr'><strong><em>τοὺς</em></strong></span> <span class='ocrx_word' id='word_1_149' title='bbox 911 2261 1062 2329; x_wconf 85' lang='grc' dir='ltr'><strong><em>πεσόντας</em></strong></span> <span class='ocrx_word' id='word_1_150' title='bbox 1089 2261 1166 2338; x_wconf 84' lang='grc' dir='ltr'><strong><em>παρ’</em></strong></span> <span class='ocrx_word' id='word_1_151' title='bbox 1189 2257 1418 2338; x_wconf 85' lang='grc' dir='ltr'><strong><em>Εὐρυμέδοντα</em></strong></span> 
     </span>
     <span class='ocr_line' id='line_1_19' title="bbox 194 2358 1419 2440; baseline -0.004 -20"><span class='ocrx_word' id='word_1_152' title='bbox 194 2359 338 2439; x_wconf 82' lang='grc' dir='ltr'><strong><em>ποταμὸν</em></strong></span> <span class='ocrx_word' id='word_1_153' title='bbox 353 2359 515 2440; x_wconf 78' lang='grc' dir='ltr'><strong><em>Ἕλληνας,</em></strong></span> <span class='ocrx_word' id='word_1_154' title='bbox 540 2362 597 2420; x_wconf 86' lang='lat' dir='ltr'><strong>‘Ad</strong></span> <span class='ocrx_word' id='word_1_155' title='bbox 619 2363 783 2421; x_wconf 84' lang='lat' dir='ltr'><strong>victoriam</strong></span> <span class='ocrx_word' id='word_1_156' title='bbox 805 2362 1090 2437; x_wconf 81' lang='lat' dir='ltr'><strong>Eurymedontiam</strong></span> <span class='ocrx_word' id='word_1_157' title='bbox 1107 2364 1224 2420; x_wconf 88' lang='lat' dir='ltr'><strong>temere</strong></span> <span class='ocrx_word' id='word_1_158' title='bbox 1241 2377 1289 2434; x_wconf 88' lang='lat' dir='ltr'><strong>ep.</strong></span> <span class='ocrx_word' id='word_1_159' title='bbox 1307 2358 1419 2417; x_wconf 87' lang='lat' dir='ltr'><strong>referri</strong></span> 
     </span>
     <span class='ocr_line' id='line_1_20' title="bbox 194 2457 1419 2533; baseline -0.005 -14"><span class='ocrx_word' id='word_1_160' title='bbox 194 2479 211 2519; x_wconf 89' lang='lat' dir='ltr'><strong>a</strong></span> <span class='ocrx_word' id='word_1_161' title='bbox 231 2461 423 2519; x_wconf 89' lang='lat' dir='ltr'><strong>lemmatista</strong></span> <span class='ocrx_word' id='word_1_162' title='bbox 447 2460 565 2519; x_wconf 89' lang='lat' dir='ltr'><strong>vidisse</strong></span> <span class='ocrx_word' id='word_1_163' title='bbox 584 2458 782 2518; x_wconf 80' lang='lat' dir='ltr'><strong>Jacobsium&#39;</strong></span> <span class='ocrx_word' id='word_1_164' title='bbox 802 2463 934 2518; x_wconf 89' lang='lat' dir='ltr'><strong>annotat</strong></span> <span class='ocrx_word' id='word_1_165' title='bbox 954 2459 1173 2533; x_wconf 88' lang='lat' dir='ltr'><strong>Stadtmiiller,</strong></span> <span class='ocrx_word' id='word_1_166' title='bbox 1199 2458 1238 2517; x_wconf 86' lang='lat' dir='ltr'><strong>of.</strong></span> <span class='ocrx_word' id='word_1_167' title='bbox 1258 2457 1419 2516; x_wconf 83' lang='lat' dir='ltr'><strong>Schwartz</strong></span> 
     </span>
     <span class='ocr_line' id='line_1_21' title="bbox 194 2556 1419 2633; baseline -0.003 -17"><span class='ocrx_word' id='word_1_168' title='bbox 194 2575 292 2633; x_wconf 90' lang='lat' dir='ltr'><strong>supra</strong></span> <span class='ocrx_word' id='word_1_169' title='bbox 322 2559 408 2617; x_wconf 92' lang='lat' dir='ltr'><strong>laud.</strong></span> <span class='ocrx_word' id='word_1_170' title='bbox 446 2559 509 2618; x_wconf 90' lang='lat' dir='ltr'><strong>Sed</strong></span> <span class='ocrx_word' id='word_1_171' title='bbox 539 2558 610 2633; x_wconf 92' lang='lat' dir='ltr'><strong>ipsa</strong></span> <span class='ocrx_word' id='word_1_172' title='bbox 642 2576 738 2633; x_wconf 89' lang='lat' dir='ltr'><strong>quam</strong></span> <span class='ocrx_word' id='word_1_173' title='bbox 769 2559 982 2617; x_wconf 86' lang='lat' dir='ltr'><strong>indicavimus</strong></span> <span class='ocrx_word' id='word_1_174' title='bbox 1010 2559 1143 2617; x_wconf 89' lang='lat' dir='ltr'><strong>imitatio</strong></span> <span class='ocrx_word' id='word_1_175' title='bbox 1171 2556 1419 2632; x_wconf 88' lang='lat' dir='ltr'><strong>arguit&#39;lemma</strong></span> 
     </span>
     <span class='ocr_line' id='line_1_22' title="bbox 194 2657 1420 2731; baseline -0.002 -17"><span class='ocrx_word' id='word_1_176' title='bbox 194 2657 311 2731; x_wconf 86' lang='lat' dir='ltr'><strong>optime</strong></span> <span class='ocrx_word' id='word_1_177' title='bbox 338 2675 374 2716; x_wconf 89' lang='lat' dir='ltr'><strong>se</strong></span> <span class='ocrx_word' id='word_1_178' title='bbox 401 2657 527 2716; x_wconf 91' lang='lat' dir='ltr'><strong>babere.</strong></span> <span class='ocrx_word' id='word_1_179' title='bbox 563 2658 601 2715; x_wconf 90' lang='lat' dir='ltr'><strong>Id</strong></span> <span class='ocrx_word' id='word_1_180' title='bbox 622 2659 730 2716; x_wconf 91' lang='lat' dir='ltr'><strong>autem</strong></span> <span class='ocrx_word' id='word_1_181' title='bbox 750 2657 814 2716; x_wconf 92' lang='lat' dir='ltr'><strong>iam</strong></span> <span class='ocrx_word' id='word_1_182' title='bbox 835 2657 1013 2731; x_wconf 91' lang='lat' dir='ltr'><strong>antiquitus</strong></span> <span class='ocrx_word' id='word_1_183' title='bbox 1035 2657 1178 2715; x_wconf 88' lang='lat' dir='ltr'><strong>additum</strong></span> <span class='ocrx_word' id='word_1_184' title='bbox 1199 2672 1271 2713; x_wconf 90' lang='lat' dir='ltr'><strong>esse</strong></span> <span class='ocrx_word' id='word_1_185' title='bbox 1291 2670 1420 2712; x_wconf 89' lang='lat' dir='ltr'><strong>necesse</strong></span> 
     </span>
     <span class='ocr_line' id='line_1_23' title="bbox 193 2752 1420 2829; baseline -0.003 -17"><span class='ocrx_word' id='word_1_186' title='bbox 193 2758 249 2813; x_wconf 88' lang='lat' dir='ltr'><strong>est.</strong></span> <span class='ocrx_word' id='word_1_187' title='bbox 278 2756 370 2815; x_wconf 87' lang='lat' dir='ltr'><strong>Unde</strong></span> <span class='ocrx_word' id='word_1_188' title='bbox 390 2757 474 2814; x_wconf 91' lang='lat' dir='ltr'><strong>enim</strong></span> <span class='ocrx_word' id='word_1_189' title='bbox 495 2755 686 2814; x_wconf 87' lang='lat' dir='ltr'><strong>lemmatista</strong></span> <span class='ocrx_word' id='word_1_190' title='bbox 706 2755 833 2814; x_wconf 85' lang='lat' dir='ltr'><strong>efficere</strong></span> <span class='ocrx_word' id='word_1_191' title='bbox 853 2755 955 2829; x_wconf 92' lang='lat' dir='ltr'><strong>potuit</strong></span> <span class='ocrx_word' id='word_1_192' title='bbox 977 2753 1284 2829; x_wconf 91' lang='lat' dir='ltr'><strong>Eurymedontiaoos</strong></span> <span class='ocrx_word' id='word_1_193' title='bbox 1305 2752 1420 2810; x_wconf 88' lang='lat' dir='ltr'><strong>heroas</strong></span> 
     </span>
     <span class='ocr_line' id='line_1_24' title="bbox 194 2852 1417 2925; baseline -0.003 -14"><span class='ocrx_word' id='word_1_194' title='bbox 194 2852 369 2912; x_wconf 80' lang='lat' dir='ltr'><strong>celebrari?</strong></span> <span class='ocrx_word' id='word_1_195' title='bbox 401 2853 494 2922; x_wconf 83' lang='lat' dir='ltr'><strong>Quod</strong></span> <span class='ocrx_word' id='word_1_196' title='bbox 523 2854 715 2913; x_wconf 84' lang='lat' dir='ltr'><strong>confirmare</strong></span> <span class='ocrx_word' id='word_1_197' title='bbox 742 2853 868 2912; x_wconf 87' lang='lat' dir='ltr'><strong>ridetur</strong></span> <span class='ocrx_word' id='word_1_198' title='bbox 889 2854 949 2912; x_wconf 92' lang='lat' dir='ltr'><strong>hoc</strong></span> <span class='ocrx_word' id='word_1_199' title='bbox 970 2854 1084 2911; x_wconf 92' lang='lat' dir='ltr'><strong>lemma</strong></span> <span class='ocrx_word' id='word_1_200' title='bbox 1106 2853 1324 2925; x_wconf 87' lang='lat' dir='ltr'><strong>comparatum</strong></span> <span class='ocrx_word' id='word_1_201' title='bbox 1346 2867 1417 2909; x_wconf 89' lang='lat' dir='ltr'><strong>oum</strong></span> 
     </span>
     <span class='ocr_line' id='line_1_25' title="bbox 192 2945 1419 3026; baseline -0.002 -19"><span class='ocrx_word' id='word_1_202' title='bbox 192 2949 339 3008; x_wconf 89' lang='lat' dir='ltr'><strong>lemmate</strong></span> <span class='ocrx_word' id='word_1_203' title='bbox 356 2952 425 3009; x_wconf 89' lang='lat' dir='ltr'><strong>eius</strong></span> <span class='ocrx_word' id='word_1_204' title='bbox 442 2952 680 3026; x_wconf 88' lang='lat' dir='ltr'><strong>epigrammatis</strong></span> <span class='ocrx_word' id='word_1_205' title='bbox 699 2950 942 3026; x_wconf 85' lang='lat' dir='ltr'><strong>Eurymedontii</strong></span> <span class='ocrx_word' id='word_1_206' title='bbox 961 2948 1134 3025; x_wconf 80' lang='lat' dir='ltr'><strong>(V11.258,</strong></span> <span class='ocrx_word' id='word_1_207' title='bbox 1153 2966 1201 3022; x_wconf 88' lang='lat' dir='ltr'><strong>ep.</strong></span> <span class='ocrx_word' id='word_1_208' title='bbox 1218 2945 1304 3023; x_wconf 89' lang='grc'><strong>105),</strong></span> <span class='ocrx_word' id='word_1_209' title='bbox 1326 2948 1419 3006; x_wconf 82' lang='grc' dir='ltr'><strong>ουίυε</strong></span> 
     </span>
     <span class='ocr_line' id='line_1_26' title="bbox 193 3041 1420 3123; baseline -0.004 -17"><span class='ocrx_word' id='word_1_210' title='bbox 193 3065 240 3122; x_wconf 90' lang='lat' dir='ltr'><strong>ep.</strong></span> <span class='ocrx_word' id='word_1_211' title='bbox 256 3047 314 3107; x_wconf 88' lang='grc'><strong>106</strong></span> <span class='ocrx_word' id='word_1_212' title='bbox 328 3051 515 3123; x_wconf 89' lang='lat' dir='ltr'><strong>praesertim</strong></span> <span class='ocrx_word' id='word_1_213' title='bbox 530 3054 578 3108; x_wconf 90' lang='lat' dir='ltr'><strong>est</strong></span> <span class='ocrx_word' id='word_1_214' title='bbox 589 3049 735 3107; x_wconf 87' lang='lat' dir='ltr'><strong>imitatio:</strong></span> <span class='ocrx_word' id='word_1_215' title='bbox 752 3047 794 3114; x_wconf 80' lang='grc' dir='ltr'><strong>εἷς</strong></span> <span class='ocrx_word' id='word_1_216' title='bbox 804 3044 877 3114; x_wconf 83' lang='grc' dir='ltr'><strong><em>τοὺς</em></strong></span> <span class='ocrx_word' id='word_1_217' title='bbox 888 3043 965 3118; x_wconf 88' lang='grc' dir='ltr'><strong><em>μετὰ</em></strong></span> <span class='ocrx_word' id='word_1_218' title='bbox 976 3043 1129 3123; x_wconf 84' lang='grc' dir='ltr'><strong><em>Κίμωνος</em></strong></span> <span class='ocrx_word' id='word_1_219' title='bbox 1143 3043 1180 3104; x_wconf 85' lang='grc' dir='ltr'><strong>ἐν</strong></span> <span class='ocrx_word' id='word_1_220' title='bbox 1191 3041 1420 3121; x_wconf 80' lang='grc' dir='ltr'><strong><em>Εὐρυμέδοντι</em></strong></span> 
     </span>
     <span class='ocr_line' id='line_1_27' title="bbox 193 3143 1419 3221; baseline -0.005 -17"><span class='ocrx_word' id='word_1_221' title='bbox 193 3143 418 3221; x_wconf 78' lang='grc' dir='ltr'><strong><em>ἀριστεύοντας.</em></strong></span> <span class='ocrx_word' id='word_1_222' title='bbox 448 3147 547 3206; x_wconf 84' lang='lat' dir='ltr'><strong>Cuius</strong></span> <span class='ocrx_word' id='word_1_223' title='bbox 568 3146 726 3204; x_wconf 92' lang='lat' dir='ltr'><strong>lemmatis</strong></span> <span class='ocrx_word' id='word_1_224' title='bbox 747 3148 858 3205; x_wconf 89' lang='lat' dir='ltr'><strong>auctor</strong></span> <span class='ocrx_word' id='word_1_225' title='bbox 880 3163 944 3203; x_wconf 92' lang='lat' dir='ltr'><strong>non</strong></span> <span class='ocrx_word' id='word_1_226' title='bbox 966 3144 1118 3202; x_wconf 88' lang='lat' dir='ltr'><strong>intellexit</strong></span> <span class='ocrx_word' id='word_1_227' title='bbox 1138 3143 1241 3217; x_wconf 90' lang='lat' dir='ltr'><strong>ipsius</strong></span> <span class='ocrx_word' id='word_1_228' title='bbox 1262 3143 1419 3216; x_wconf 88' lang='lat' dir='ltr'><strong>epigram·</strong></span> 
     </span>
     <span class='ocr_line' id='line_1_28' title="bbox 192 3239 1418 3319; baseline -0.005 -17"><span class='ocrx_word' id='word_1_229' title='bbox 192 3245 286 3304; x_wconf 91' lang='lat' dir='ltr'><strong>matis</strong></span> <span class='ocrx_word' id='word_1_230' title='bbox 323 3262 451 3304; x_wconf 88' lang='lat' dir='ltr'><strong>versum</strong></span> <span class='ocrx_word' id='word_1_231' title='bbox 487 3245 647 3318; x_wconf 92' lang='lat' dir='ltr'><strong>primum:</strong></span> <span class='ocrx_word' id='word_1_232' title='bbox 683 3242 749 3303; x_wconf 85' lang='grc' dir='ltr'><strong><em>οἵδε</em></strong></span> <span class='ocrx_word' id='word_1_233' title='bbox 783 3241 874 3319; x_wconf 83' lang='grc' dir='ltr'><strong><em>παρ’</em></strong></span> <span class='ocrx_word' id='word_1_234' title='bbox 905 3239 1165 3319; x_wconf 81' lang='grc' dir='ltr'><strong><em>Εὐρυμέδοντα,</em></strong></span> <span class='ocrx_word' id='word_1_235' title='bbox 1203 3257 1286 3315; x_wconf 88' lang='lat' dir='ltr'><strong>quae</strong></span> <span class='ocrx_word' id='word_1_236' title='bbox 1321 3239 1418 3298; x_wconf 90' lang='lat' dir='ltr'><strong>verba</strong></span> 
     </span>
     <span class='ocr_line' id='line_1_29' title="bbox 192 3336 1418 3417; baseline -0.005 -17"><span class='ocrx_word' id='word_1_237' title='bbox 192 3345 298 3414; x_wconf 79' lang='lat' dir='ltr'><strong>tamen</strong></span> <span class='ocrx_word' id='word_1_238' title='bbox 333 3343 366 3400; x_wconf 93' lang='lat' dir='ltr'><strong>in</strong></span> <span class='ocrx_word' id='word_1_239' title='bbox 400 3343 585 3402; x_wconf 87' lang='lat' dir='ltr'><strong>imitationis</strong></span> <span class='ocrx_word' id='word_1_240' title='bbox 616 3343 764 3401; x_wconf 88' lang='lat' dir='ltr'><strong>lemmate</strong></span> <span class='ocrx_word' id='word_1_241' title='bbox 793 3343 918 3417; x_wconf 90' lang='lat' dir='ltr'><strong>integra</strong></span> <span class='ocrx_word' id='word_1_242' title='bbox 950 3343 1027 3399; x_wconf 88' lang='lat' dir='ltr'><strong>sunt</strong></span> <span class='ocrx_word' id='word_1_243' title='bbox 1058 3341 1194 3398; x_wconf 84' lang='lat' dir='ltr'><strong>serrata.</strong></span> <span class='ocrx_word' id='word_1_244' title='bbox 1240 3337 1333 3406; x_wconf 88' lang='lat' dir='ltr'><strong>Quod</strong></span> <span class='ocrx_word' id='word_1_245' title='bbox 1363 3336 1418 3411; x_wconf 92' lang='lat' dir='ltr'><strong>qui</strong></span> 
     </span>
     <span class='ocr_line' id='line_1_30' title="bbox 192 3436 1415 3517; baseline -0.006 -17"><span class='ocrx_word' id='word_1_246' title='bbox 192 3440 439 3516; x_wconf 75' lang='lat' dir='ltr'><strong>explicandum?</strong></span> <span class='ocrx_word' id='word_1_247' title='bbox 471 3441 661 3517; x_wconf 87' lang='lat' dir='ltr'><strong>Imitationi,</strong></span> <span class='ocrx_word' id='word_1_248' title='bbox 685 3441 812 3515; x_wconf 89' lang='lat' dir='ltr'><strong>opinor,</strong></span> <span class='ocrx_word' id='word_1_249' title='bbox 836 3441 878 3498; x_wconf 90' lang='lat' dir='ltr'><strong>ab</strong></span> <span class='ocrx_word' id='word_1_250' title='bbox 899 3439 1043 3514; x_wconf 91' lang='lat' dir='ltr'><strong>homine,</strong></span> <span class='ocrx_word' id='word_1_251' title='bbox 1068 3439 1123 3512; x_wconf 92' lang='lat' dir='ltr'><strong>qui</strong></span> <span class='ocrx_word' id='word_1_252' title='bbox 1145 3455 1209 3496; x_wconf 93' lang='lat' dir='ltr'><strong>nou</strong></span> <span class='ocrx_word' id='word_1_253' title='bbox 1230 3436 1415 3512; x_wconf 88' lang='lat' dir='ltr'><strong>ignorabat,</strong></span> 
     </span>
     <span class='ocr_line' id='line_1_31' title="bbox 192 3533 1418 3614; baseline -0.007 -16"><span class='ocrx_word' id='word_1_254' title='bbox 192 3539 284 3598; x_wconf 88' lang='lat' dir='ltr'><strong>cuius</strong></span> <span class='ocrx_word' id='word_1_255' title='bbox 305 3539 544 3614; x_wconf 86' lang='lat' dir='ltr'><strong>epigrammatis</strong></span> <span class='ocrx_word' id='word_1_256' title='bbox 565 3541 650 3597; x_wconf 89' lang='lat' dir='ltr'><strong>esset</strong></span> <span class='ocrx_word' id='word_1_257' title='bbox 670 3539 822 3612; x_wconf 87' lang='lat' dir='ltr'><strong>imitatio,</strong></span> <span class='ocrx_word' id='word_1_258' title='bbox 853 3538 968 3596; x_wconf 89' lang='lat' dir='ltr'><strong>lemma</strong></span> <span class='ocrx_word' id='word_1_259' title='bbox 989 3537 1099 3611; x_wconf 89' lang='lat' dir='ltr'><strong>optimi</strong></span> <span class='ocrx_word' id='word_1_260' title='bbox 1122 3535 1278 3593; x_wconf 91' lang='lat' dir='ltr'><strong>sermonis</strong></span> <span class='ocrx_word' id='word_1_261' title='bbox 1300 3533 1418 3607; x_wconf 91' lang='lat' dir='ltr'><strong>ascrip-</strong></span> 
     </span>
     <span class='ocr_line' id='line_1_32' title="bbox 192 3633 1419 3711; baseline -0.005 -17"><span class='ocrx_word' id='word_1_262' title='bbox 192 3639 260 3695; x_wconf 91' lang='lat' dir='ltr'><strong>tum</strong></span> <span class='ocrx_word' id='word_1_263' title='bbox 281 3638 330 3694; x_wconf 87' lang='lat' dir='ltr'><strong>est</strong></span> <span class='ocrx_word' id='word_1_264' title='bbox 350 3638 453 3694; x_wconf 86' lang='lat' dir='ltr'><strong>aetate</strong></span> <span class='ocrx_word' id='word_1_265' title='bbox 472 3637 666 3710; x_wconf 91' lang='lat' dir='ltr'><strong>antiquiore;</strong></span> <span class='ocrx_word' id='word_1_266' title='bbox 689 3636 886 3711; x_wconf 87' lang='lat' dir='ltr'><strong>epigramma</strong></span> <span class='ocrx_word' id='word_1_267' title='bbox 906 3635 1013 3708; x_wconf 91' lang='lat' dir='ltr'><strong>ipsum</strong></span> <span class='ocrx_word' id='word_1_268' title='bbox 1035 3651 1106 3692; x_wconf 91' lang='lat' dir='ltr'><strong>sero</strong></span> <span class='ocrx_word' id='word_1_269' title='bbox 1127 3633 1255 3690; x_wconf 91' lang='lat' dir='ltr'><strong>demum</strong></span> <span class='ocrx_word' id='word_1_270' title='bbox 1272 3633 1419 3690; x_wconf 87' lang='lat' dir='ltr'><strong>lemmate</strong></span> 
     </span>
    </p>
   </div>
   <div class='ocr_carea' id='block_1_3' title="bbox 192 3727 1418 4201">
    <p class='ocr_par' dir='ltr' id='par_1_5' title="bbox 192 3727 1418 4106">
     <span class='ocr_line' id='line_1_33' title="bbox 192 3727 1417 3808; baseline -0.006 -14"><span class='ocrx_word' id='word_1_271' title='bbox 192 3738 342 3794; x_wconf 83' lang='lat' dir='ltr'><strong>ornatum</strong></span> <span class='ocrx_word' id='word_1_272' title='bbox 370 3737 418 3793; x_wconf 87' lang='lat' dir='ltr'><strong>est</strong></span> <span class='ocrx_word' id='word_1_273' title='bbox 444 3735 484 3794; x_wconf 91' lang='lat' dir='ltr'><strong>ab</strong></span> <span class='ocrx_word' id='word_1_274' title='bbox 510 3735 654 3808; x_wconf 91' lang='lat' dir='ltr'><strong>bomine,</strong></span> <span class='ocrx_word' id='word_1_275' title='bbox 685 3735 737 3793; x_wconf 89' lang='lat' dir='ltr'><strong>cui</strong></span> <span class='ocrx_word' id='word_1_276' title='bbox 757 3751 838 3792; x_wconf 93' lang='lat' dir='ltr'><strong>usus</strong></span> <span class='ocrx_word' id='word_1_277' title='bbox 859 3732 1103 3808; x_wconf 89' lang='lat' dir='ltr'><strong>praepositionis</strong></span> <span class='ocrx_word' id='word_1_278' title='bbox 1124 3727 1306 3806; x_wconf 75' lang='lat' dir='ltr'><strong>nupdoum</strong></span> <span class='ocrx_word' id='word_1_279' title='bbox 1327 3746 1417 3788; x_wconf 88' lang='lat' dir='ltr'><strong>accu-</strong></span> 
     </span>
     <span class='ocr_line' id='line_1_34' title="bbox 192 3814 1418 3906; baseline -0.008 -14"><span class='ocrx_word' id='word_1_280' title='bbox 192 3834 295 3892; x_wconf 88' lang='lat' dir='ltr'><strong>sativo</strong></span> <span class='ocrx_word' id='word_1_281' title='bbox 323 3833 511 3892; x_wconf 85' lang='lat' dir='ltr'><strong>coniunctae</strong></span> <span class='ocrx_word' id='word_1_282' title='bbox 537 3834 610 3906; x_wconf 87' lang='lat' dir='ltr'><strong>post</strong></span> <span class='ocrx_word' id='word_1_283' title='bbox 637 3832 755 3906; x_wconf 89' lang='lat' dir='ltr'><strong>verba,</strong></span> <span class='ocrx_word' id='word_1_284' title='bbox 787 3849 870 3904; x_wconf 92' lang='lat' dir='ltr'><strong>quae</strong></span> <span class='ocrx_word' id='word_1_285' title='bbox 898 3814 1115 3890; x_wconf 82' lang='lat' dir='ltr'><strong>commorandi</strong></span> <span class='ocrx_word' id='word_1_286' title='bbox 1143 3829 1174 3885; x_wconf 95' lang='lat' dir='ltr'><strong>in</strong></span> <span class='ocrx_word' id='word_1_287' title='bbox 1202 3828 1272 3886; x_wconf 89' lang='lat' dir='ltr'><strong>loco</strong></span> <span class='ocrx_word' id='word_1_288' title='bbox 1299 3827 1418 3885; x_wconf 89' lang='lat' dir='ltr'><strong>habent</strong></span> 
     </span>
     <span class='ocr_line' id='line_1_35' title="bbox 193 3921 1416 4007; baseline -0.007 -16"><span class='ocrx_word' id='word_1_289' title='bbox 193 3933 369 4006; x_wconf 85' lang='lat' dir='ltr'><strong>notionem,</strong></span> <span class='ocrx_word' id='word_1_290' title='bbox 393 3932 523 4007; x_wconf 90' lang='lat' dir='ltr'><strong>ignotus</strong></span> <span class='ocrx_word' id='word_1_291' title='bbox 544 3933 612 3989; x_wconf 88' lang='lat' dir='ltr'><strong>erat</strong></span> <span class='ocrx_word' id='word_1_292' title='bbox 626 3927 689 4004; x_wconf 73' lang='grc'><strong>166).</strong></span> <span class='ocrx_word' id='word_1_293' title='bbox 720 3931 765 3988; x_wconf 84' lang='grc' dir='ltr'><strong>Ι)ε</strong></span> <span class='ocrx_word' id='word_1_294' title='bbox 786 3929 883 3987; x_wconf 93' lang='lat' dir='ltr'><strong>huius</strong></span> <span class='ocrx_word' id='word_1_295' title='bbox 905 3929 1061 3987; x_wconf 87' lang='lat' dir='ltr'><strong>lemmatis</strong></span> <span class='ocrx_word' id='word_1_296' title='bbox 1083 3943 1159 3985; x_wconf 89' lang='lat' dir='ltr'><strong>voce</strong></span> <span class='ocrx_word' id='word_1_297' title='bbox 1180 3926 1290 3984; x_wconf 91' lang='lat' dir='ltr'><strong>ultima</strong></span> <span class='ocrx_word' id='word_1_298' title='bbox 1306 3921 1416 4000; x_wconf 79' lang='grc' dir='ltr'><em>Ἕλλη-</em></span> 
     </span>
     <span class='ocr_line' id='line_1_36' title="bbox 192 4027 464 4106; baseline -0.007 -17"><span class='ocrx_word' id='word_1_299' title='bbox 192 4050 247 4096; x_wconf 88' lang='grc' dir='ltr'><strong>νας</strong></span> <span class='ocrx_word' id='word_1_300' title='bbox 269 4030 333 4088; x_wconf 84' lang='lat' dir='ltr'><strong>vid.</strong></span> <span class='ocrx_word' id='word_1_301' title='bbox 356 4027 376 4106; x_wconf 60' lang='grc' dir='ltr'><strong>ἓ</strong></span> <span class='ocrx_word' id='word_1_302' title='bbox 399 4046 464 4103; x_wconf 91' lang='lat' dir='ltr'><strong>seq.</strong></span> 
     </span>
    </p>

    <p class='ocr_par' dir='ltr' id='par_1_6' title="bbox 232 4120 1416 4201">
     <span class='ocr_line' id='line_1_37' title="bbox 232 4120 1416 4201; baseline -0.007 -16"><span class='ocrx_word' id='word_1_303' title='bbox 232 4127 346 4201; x_wconf 88' lang='lat' dir='ltr'><strong>Itaque</strong></span> <span class='ocrx_word' id='word_1_304' title='bbox 373 4144 470 4201; x_wconf 90' lang='lat' dir='ltr'><strong>quarn</strong></span> <span class='ocrx_word' id='word_1_305' title='bbox 498 4127 581 4184; x_wconf 90' lang='lat' dir='ltr'><strong>inter</strong></span> <span class='ocrx_word' id='word_1_306' title='bbox 610 4126 829 4185; x_wconf 88' lang='lat' dir='ltr'><strong>Simonideum</strong></span> <span class='ocrx_word' id='word_1_307' title='bbox 855 4120 1416 4199; x_wconf 83' lang='lat' dir='ltr'><strong>epThermopylenseVIL251et</strong></span> 
     </span>
    </p>
   </div>
   <div class='ocr_carea' id='block_1_4' title="bbox 193 4298 352 4305">
    <p class='ocr_par' dir='ltr' id='par_1_7' title="bbox 193 4298 352 4305">
     <span class='ocr_line' id='line_1_38' title="bbox 193 4298 352 4305; baseline -0.006 0"><span class='ocrx_word' id='word_1_308' title='bbox 193 4298 352 4305; x_wconf 82' lang='lat'><strong>—--</strong></span> 
     </span>
    </p>
   </div>
   <div class='ocr_carea' id='block_1_5' title="bbox 191 4391 1419 4893">
    <p class='ocr_par' dir='ltr' id='par_1_8' title="bbox 191 4391 1419 4893">
     <span class='ocr_line' id='line_1_39' title="bbox 225 4391 1418 4467; baseline -0.008 -14"><span class='ocrx_word' id='word_1_309' title='bbox 225 4403 272 4466; x_wconf 80' lang='lat'>166)</span> <span class='ocrx_word' id='word_1_310' title='bbox 308 4404 392 4453; x_wconf 85' lang='lat' dir='ltr'><strong>Etiam</strong></span> <span class='ocrx_word' id='word_1_311' title='bbox 409 4404 536 4465; x_wconf 89' lang='lat' dir='ltr'><strong>Planudi,</strong></span> <span class='ocrx_word' id='word_1_312' title='bbox 551 4405 597 4467; x_wconf 89' lang='lat' dir='ltr'><strong>qui</strong></span> <span class='ocrx_word' id='word_1_313' title='bbox 612 4405 638 4452; x_wconf 92' lang='lat' dir='ltr'><strong>in</strong></span> <span class='ocrx_word' id='word_1_314' title='bbox 655 4405 735 4466; x_wconf 85' lang='lat' dir='ltr'><strong>epigr.</strong></span> <span class='ocrx_word' id='word_1_315' title='bbox 752 4408 827 4452; x_wconf 82' lang='lat' dir='ltr'><strong>textu</strong></span> <span class='ocrx_word' id='word_1_316' title='bbox 842 4417 890 4450; x_wconf 85' lang='lat' dir='ltr'><strong>suo</strong></span> <span class='ocrx_word' id='word_1_317' title='bbox 906 4405 992 4450; x_wconf 85' lang='lat' dir='ltr'><strong>marte</strong></span> <span class='ocrx_word' id='word_1_318' title='bbox 1008 4400 1051 4461; x_wconf 84' lang='lat' dir='ltr'><strong>(cs.</strong></span> <span class='ocrx_word' id='word_1_319' title='bbox 1065 4399 1077 4461; x_wconf 68' lang='grc' dir='ltr'><strong>ἓ</strong></span> <span class='ocrx_word' id='word_1_320' title='bbox 1089 4397 1150 4458; x_wconf 88' lang='grc'><strong>108)</strong></span> <span class='ocrx_word' id='word_1_321' title='bbox 1162 4399 1235 4447; x_wconf 91' lang='lat' dir='ltr'><strong>dedit</strong></span> <span class='ocrx_word' id='word_1_322' title='bbox 1248 4392 1312 4459; x_wconf 86' lang='grc' dir='ltr'><strong><em>παρ’</em></strong></span> <span class='ocrx_word' id='word_1_323' title='bbox 1328 4391 1418 4456; x_wconf 85' lang='grc' dir='ltr'><strong><em>Εὐρυ-</em></strong></span> 
     </span>
     <span class='ocr_line' id='line_1_40' title="bbox 191 4479 1418 4550; baseline -0.007 -12"><span class='ocrx_word' id='word_1_324' title='bbox 191 4485 315 4550; x_wconf 83' lang='grc' dir='ltr'><strong><em>μέδοντι.</em></strong></span> <span class='ocrx_word' id='word_1_325' title='bbox 342 4487 502 4540; x_wconf 84' lang='lat' dir='ltr'><strong>Conferatur</strong></span> <span class='ocrx_word' id='word_1_326' title='bbox 524 4489 597 4537; x_wconf 87' lang='lat' dir='ltr'><strong>Eust.</strong></span> <span class='ocrx_word' id='word_1_327' title='bbox 620 4486 711 4549; x_wconf 75' lang='lat' dir='ltr'><strong>403,l3</strong></span> <span class='ocrx_word' id='word_1_328' title='bbox 734 4487 766 4536; x_wconf 89' lang='lat' dir='ltr'><strong>ad</strong></span> <span class='ocrx_word' id='word_1_329' title='bbox 791 4484 818 4535; x_wconf 88' lang='grc' dir='ltr'>Γ</span> <span class='ocrx_word' id='word_1_330' title='bbox 830 4485 879 4534; x_wconf 88' lang='grc'><strong>187</strong></span> <span class='ocrx_word' id='word_1_331' title='bbox 896 4482 1075 4548; x_wconf 79' lang='grc' dir='ltr'><strong><em>ἐστρατόωντο</em></strong></span> <span class='ocrx_word' id='word_1_332' title='bbox 1092 4479 1168 4546; x_wconf 84' lang='grc' dir='ltr'><strong><em>παρ’</em></strong></span> <span class='ocrx_word' id='word_1_333' title='bbox 1189 4480 1297 4546; x_wconf 78' lang='grc' dir='ltr'><strong><em>ὄχθας</em></strong></span> <span class='ocrx_word' id='word_1_334' title='bbox 1315 4479 1418 4543; x_wconf 75' lang='grc' dir='ltr'><strong><em>Σαγγα-</em></strong></span> 
     </span>
     <span class='ocr_line' id='line_1_41' title="bbox 193 4565 1418 4636; baseline -0.006 -15"><span class='ocrx_word' id='word_1_335' title='bbox 193 4571 270 4636; x_wconf 88' lang='grc' dir='ltr'><strong><em>ρίοιο]</em></strong></span> <span class='ocrx_word' id='word_1_336' title='bbox 289 4568 345 4622; x_wconf 77' lang='grc' dir='ltr'><strong><em>ἀντὶ</em></strong></span> <span class='ocrx_word' id='word_1_337' title='bbox 363 4576 408 4621; x_wconf 90' lang='grc' dir='ltr'><strong>τοῦ</strong></span> <span class='ocrx_word' id='word_1_338' title='bbox 425 4567 506 4621; x_wconf 83' lang='grc' dir='ltr'><strong><em>κατὰ</em></strong></span> <span class='ocrx_word' id='word_1_339' title='bbox 524 4569 638 4636; x_wconf 76' lang='grc' dir='ltr'><strong><em>ὄχθας,</em></strong></span> <span class='ocrx_word' id='word_1_340' title='bbox 656 4569 684 4620; x_wconf 85' lang='grc' dir='ltr'><strong>οἱ</strong></span> <span class='ocrx_word' id='word_1_341' title='bbox 699 4567 729 4620; x_wconf 88' lang='grc' dir='ltr'><strong>δὲ</strong></span> <span class='ocrx_word' id='word_1_342' title='bbox 744 4566 810 4632; x_wconf 73' lang='grc' dir='ltr'><strong><em>μεθ’</em></strong></span> <span class='ocrx_word' id='word_1_343' title='bbox 824 4567 947 4633; x_wconf 87' lang='grc' dir='ltr'><strong><em>Ὅμηρον</em></strong></span> <span class='ocrx_word' id='word_1_344' title='bbox 963 4566 1036 4632; x_wconf 85' lang='grc' dir='ltr'><strong><em>παρ’</em></strong></span> <span class='ocrx_word' id='word_1_345' title='bbox 1048 4565 1165 4632; x_wconf 76' lang='grc' dir='ltr'><strong><em>ὄχθαις</em></strong></span> <span class='ocrx_word' id='word_1_346' title='bbox 1183 4565 1272 4630; x_wconf 84' lang='grc' dir='ltr'><strong><em>φασίν.</em></strong></span> <span class='ocrx_word' id='word_1_347' title='bbox 1294 4568 1418 4615; x_wconf 85' lang='lat' dir='ltr'><strong>Priscian.</strong></span> 
     </span>
     <span class='ocr_line' id='line_1_42' title="bbox 193 4649 1419 4719; baseline -0.006 -13"><span class='ocrx_word' id='word_1_348' title='bbox 193 4659 270 4708; x_wconf 80' lang='lat' dir='ltr'><strong>xvir.</strong></span> <span class='ocrx_word' id='word_1_349' title='bbox 286 4656 390 4718; x_wconf 69' lang='grc'><strong>16401.</strong></span> <span class='ocrx_word' id='word_1_350' title='bbox 404 4656 551 4707; x_wconf 75' lang='lat' dir='ltr'><strong>L.111.3lt</strong></span> <span class='ocrx_word' id='word_1_351' title='bbox 565 4656 620 4719; x_wconf 81' lang='lat' dir='ltr'><strong>ll.):</strong></span> <span class='ocrx_word' id='word_1_352' title='bbox 638 4656 724 4706; x_wconf 81' lang='lat' dir='ltr'><strong>Attici</strong></span> <span class='ocrx_word' id='word_1_353' title='bbox 742 4651 839 4718; x_wconf 73' lang='grc' dir='ltr'><strong>ιπαρὰ</strong></span> <span class='ocrx_word' id='word_1_354' title='bbox 857 4651 899 4704; x_wconf 90' lang='grc' dir='ltr'><strong>σε”</strong></span> <span class='ocrx_word' id='word_1_355' title='bbox 916 4669 967 4718; x_wconf 89' lang='lat' dir='ltr'><strong>pro</strong></span> <span class='ocrx_word' id='word_1_356' title='bbox 985 4649 1083 4716; x_wconf 75' lang='grc' dir='ltr'><strong>ιπαρὰ</strong></span> <span class='ocrx_word' id='word_1_357' title='bbox 1100 4650 1169 4715; x_wconf 87' lang='grc' dir='ltr'><strong><em>σοι”,</em></strong></span> <span class='ocrx_word' id='word_1_358' title='bbox 1187 4653 1321 4716; x_wconf 81' lang='lat' dir='ltr'><strong>quomodo</strong></span> <span class='ocrx_word' id='word_1_359' title='bbox 1333 4659 1358 4701; x_wconf 83' lang='lat' dir='ltr'><strong>et</strong></span> <span class='ocrx_word' id='word_1_360' title='bbox 1371 4665 1419 4700; x_wconf 81' lang='lat' dir='ltr'><strong>nos</strong></span> 
     </span>
     <span class='ocr_line' id='line_1_43' title="bbox 194 4731 1418 4806; baseline -0.007 -15"><span class='ocrx_word' id='word_1_361' title='bbox 194 4740 274 4806; x_wconf 80' lang='lat' dir='ltr'><strong>‘apud</strong></span> <span class='ocrx_word' id='word_1_362' title='bbox 288 4741 328 4792; x_wconf 83' lang='lat' dir='ltr'><strong>te&#39;.</strong></span> <span class='ocrx_word' id='word_1_363' title='bbox 347 4743 604 4805; x_wconf 80' lang='lat' dir='ltr'><strong>Aristophanes</strong></span> <span class='ocrx_word' id='word_1_364' title='bbox 623 4737 735 4805; x_wconf 89' lang='grc' dir='ltr'><strong><em>Ποιήσει</em></strong></span> <span class='ocrx_word' id='word_1_365' title='bbox 752 4740 795 4802; x_wconf 83' lang='lat' dir='ltr'><strong>(fr.</strong></span> <span class='ocrx_word' id='word_1_366' title='bbox 806 4738 855 4789; x_wconf 82' lang='lat'><strong>388</strong></span> <span class='ocrx_word' id='word_1_367' title='bbox 866 4738 965 4800; x_wconf 87' lang='lat' dir='ltr'><strong>Dind.):</strong></span> <span class='ocrx_word' id='word_1_368' title='bbox 984 4742 1096 4802; x_wconf 84' lang='grc' dir='ltr'><strong><em>γυναῖκα</em></strong></span> <span class='ocrx_word' id='word_1_369' title='bbox 1114 4733 1147 4800; x_wconf 85' lang='grc' dir='ltr'><strong>δὴ</strong></span> <span class='ocrx_word' id='word_1_370' title='bbox 1166 4735 1304 4800; x_wconf 84' lang='grc' dir='ltr'><strong><em>ζητοῦντες</em></strong></span> <span class='ocrx_word' id='word_1_371' title='bbox 1321 4731 1418 4784; x_wconf 80' lang='grc' dir='ltr'><strong><em>ἑνδάδε</em></strong></span> 
     </span>
     <span class='ocr_line' id='line_1_44' title="bbox 193 4821 1167 4893; baseline -0.004 -19"><span class='ocrx_word' id='word_1_372' title='bbox 193 4824 308 4892; x_wconf 82' lang='grc' dir='ltr'><strong><em>ἥκομεν,</em></strong></span> <span class='ocrx_word' id='word_1_373' title='bbox 325 4823 358 4890; x_wconf 87' lang='grc' dir='ltr'><strong>ἥν</strong></span> <span class='ocrx_word' id='word_1_374' title='bbox 375 4842 456 4892; x_wconf 85' lang='grc' dir='ltr'><strong><em>φασιν</em></strong></span> <span class='ocrx_word' id='word_1_375' title='bbox 472 4821 538 4878; x_wconf 81' lang='grc' dir='ltr'><strong><em>εἶναι</em></strong></span> <span class='ocrx_word' id='word_1_376' title='bbox 555 4821 643 4893; x_wconf 85' lang='grc' dir='ltr'><strong><em>παρὰ</em></strong></span> <span class='ocrx_word' id='word_1_377' title='bbox 662 4821 698 4874; x_wconf 89' lang='grc' dir='ltr'><strong>σε’.</strong></span> <span class='ocrx_word' id='word_1_378' title='bbox 723 4825 815 4887; x_wconf 85' lang='lat' dir='ltr'><strong>(Locos</strong></span> <span class='ocrx_word' id='word_1_379' title='bbox 833 4824 880 4872; x_wconf 89' lang='lat' dir='ltr'><strong>hos</strong></span> <span class='ocrx_word' id='word_1_380' title='bbox 898 4824 979 4873; x_wconf 84' lang='lat' dir='ltr'><strong>debeo</strong></span> <span class='ocrx_word' id='word_1_381' title='bbox 997 4824 1046 4872; x_wconf 85' lang='lat' dir='ltr'><strong>lex.</strong></span> <span class='ocrx_word' id='word_1_382' title='bbox 1065 4821 1167 4886; x_wconf 83' lang='lat' dir='ltr'><strong>Steplr.)</strong></span> 
     </span>
    </p>
   </div>
   <div class='ocr_carea' id='block_1_6' title="bbox 0 0 1790 5716">
    <p class='ocr_par' dir='ltr' id='par_1_9' title="bbox 0 0 1790 5716">
     <span class='ocr_line' id='line_1_45' title="bbox 0 0 1790 5716; baseline 0 1"><span class='ocrx_word' id='word_1_383' title='bbox 0 0 1790 5716; x_wconf 95' lang='lat' dir='ltr'><strong> </strong></span> 
     </span>
    </p>
   </div>
  </div>
 </body>
</html>
