3546 5724
807 468 843 533 ιι
1265 468 1283 551 s
1309 469 1361 549 ιι,
1388 473 1434 534 ιι.

213 659 379 724 deterritas
411 675 499 736 esse,
534 659 706 736 quominus
738 662 905 721 stationem
937 665 1094 720 tenerent:
1133 658 1311 737 Spartiatae
1342 664 1439 737 atque

213 762 433 837 Thespienses.
472 761 552 819 Cum
574 764 680 819 autem
704 759 883 834 Spartiatae
904 760 1054 834 peculiari
1076 761 1167 835 cippo
1189 763 1284 835 atque
1305 761 1438 836 inscrip-

213 862 297 919 tione
317 859 358 918 ab
376 857 660 933 Amphictyonibus
680 858 826 918 honorati
845 857 924 932 sint,
950 858 1192 933 Thespiensium
1212 861 1319 918 autem
1337 859 1439 916 honor

213 957 381 1034 peculiaris
403 957 487 1032 apud
510 957 708 1018 Herodotum
730 975 794 1015 non
817 958 1094 1031 commemoretur,
1127 957 1326 1030 Herodotus,
1353 957 1438 1014 Pelo-

213 1056 440 1131 ponnesiorum
467 1055 662 1130 epigramma
692 1072 765 1112 curn
787 1054 827 1113 ad
849 1070 903 1112 eos
925 1071 1053 1129 quoque
1074 1054 1232 1128 pertinere
1252 1054 1352 1128 dicat,
1383 1055 1439 1128 qui

213 1172 284 1214 cum
311 1153 450 1212 Leonida
476 1153 515 1211 ad
542 1170 643 1211 unum
664 1169 775 1212 omnes
797 1152 952 1210 interfecti
975 1152 1055 1226 sint,
1088 1151 1133 1210 sic
1155 1154 1278 1211 tantum
1301 1153 1439 1228 intellegi

213 1253 331 1325 potest,
362 1254 398 1308 ut
425 1249 477 1308 illo
498 1251 727 1326 epigrammate
747 1251 836 1309 iuxta
859 1249 1106 1325 Peloponnesios
1128 1251 1341 1325 Thespienses
1362 1268 1439 1324 quo·

213 1366 275 1423 que
295 1349 336 1408 ab
358 1349 642 1423 Amphictyonibus
664 1349 810 1408 celebrati
833 1365 903 1408 esse
925 1347 1103 1406 videantur.
1140 1346 1178 1404 Id
1200 1350 1306 1406 autem
1328 1366 1439 1407 revera

213 1446 331 1505 facturn
363 1463 434 1504 esse
463 1445 541 1504 mihi
572 1463 706 1520 prorsus
738 1445 922 1504 incredibile
953 1447 1010 1503 est.
1046 1444 1125 1513 Quis
1146 1445 1231 1503 eninr
1251 1448 1320 1503 tum
1343 1446 1439 1504 Thes-

213 1543 371 1617 piensium
410 1559 525 1601 nomen
562 1542 594 1600 in
631 1543 860 1618 epigrammate
897 1561 960 1600 non
997 1540 1217 1601 desiderabit?
1259 1541 1339 1610 Quis
1374 1560 1438 1601 non

214 1641 381 1699 mirabitur
412 1640 658 1715 Amphictyones
691 1658 755 1698 non
787 1640 970 1700 dubitantes
1001 1641 1103 1699 colere
1133 1657 1243 1699 eorum
1280 1671 1316 1680 —
1354 1640 1439 1698 Pelo·

214 1739 384 1813 ponnesios
415 1738 485 1797 dico
516 1770 555 1779 —
585 1739 787 1812 memoriam,
822 1739 877 1812 qui
910 1738 1016 1797 Persis
1044 1738 1187 1811 undique
1214 1738 1439 1813 ingruentibus

214 1837 343 1895 domum
374 1836 621 1910 abscessissent,
656 1853 728 1894 cum
761 1837 793 1894 in
826 1836 941 1894 horum
973 1836 1116 1910 ipsorum
1149 1836 1239 1894 titulo
1267 1853 1440 1910 generosae

215 1935 335 2009 gentle,
374 1951 457 2008 quae
491 1934 571 1992 mori
603 1934 787 2008 maluisset,
827 1934 980 1992 honorem
1012 1966 1050 1974 -
1081 1933 1209 1992 nomine
1241 1950 1280 1991 ne
1311 1934 1439 1992 laudato

215 2032 340 2106 quidem
366 2063 405 2072 —
426 2029 765 2105 comprehendissent?
799 2030 1009 2105 Exploratum
1031 2034 1095 2106 est,
1126 2031 1255 2105 opinor,
1287 2031 1439 2089 Herodoti

216 2130 358 2189 notitiam
379 2145 450 2188 esse
470 2128 594 2187 falsam.

254 2228 342 2286 ldem
370 2229 476 2286 autem
506 2226 688 2285 Herodotus
718 2226 963 2301 Thespiensium
989 2227 1138 2294 virtutem
1162 2227 1284 2285 virilem
1305 2229 1439 2286 testatus

215 2329 270 2384 est.
305 2326 425 2384 Omnes
453 2325 535 2383 enim
566 2324 642 2383 socii
667 2342 739 2383 cum
764 2324 942 2399 Spartiates
964 2325 1197 2399 deseruissent,
1229 2325 1440 2400 Thespienses

215 2424 271 2482 soli
299 2424 523 2482 remanserunt
551 2422 647 2496 idque
674 2422 874 2480 libentissimi
902 2419 1038 2497 (ἑκόντες
1058 2419 1207 2498 μάλιστα,
1239 2440 1321 2496 quae
1343 2424 1440 2482 verba

215 2520 300 2579 addit
327 2522 457 2595 propter
486 2519 654 2578 Thebanos
683 2552 722 2560 —
750 2519 813 2577 vid.
841 2517 860 2595 §
885 2519 921 2577 15
942 2551 997 2594 ·-,
1030 2536 1111 2592 quos
1132 2520 1249 2579 invitos
1271 2521 1442 2580 retinuisse

215 2618 386 2676 Leonidam
414 2616 543 2693 tradit),
575 2617 607 2676 οἳ
631 2615 690 2677 οὐκ
720 2615 843 2694 ἔφασαν
871 2614 1075 2683 ἀπολιπόντες
1103 2613 1266 2676 Λεωνίόεα
1295 2615 1441 2684 καὶτοὺς

214 2713 279 2800 μετ’
292 2712 390 2773 αὐτοῦ
406 2709 653 2782 ἀπαλλάξεσθαι,
672 2709 749 2772 ἀλλὰ
764 2711 1003 2789 καταμείναντες
1018 2712 1240 2774 συναπέθανον
1257 2714 1338 2791 (cap.
1353 2713 1438 2791 222).

215 2813 387 2886 Postquam
417 2812 616 2870 Immortales
645 2811 861 2887 advenerunt,
896 2829 930 2870 se
959 2815 1146 2887 receperunt
1174 2831 1247 2872 cum
1271 2813 1440 2888 Spartiatis

215 2910 254 2968 ad
271 2910 448 2983 tumulum,
472 2909 527 2968 ubi
546 2909 585 2968 ad
604 2927 706 2967 unum
724 2927 835 2968 omnes
853 2910 1049 2985 praeclaram
1068 2913 1201 2968 mortem
1219 2913 1441 2986 oppetiverunt

216 3005 296 3083 (cap.
321 3006 406 3082 225).
431 3009 551 3067 Nomen
573 3008 642 3066 eius
664 3025 808 3083 quoque,
833 3009 888 3083 qui
903 3009 986 3067 inter
1002 3008 1214 3083 Thespienses
1230 3010 1440 3069 fortissimum

215 3121 249 3162 se
262 3104 435 3180 praestitit,
460 3108 636 3164 memoratu
652 3105 785 3181 dignum
801 3106 946 3164 habitum
960 3110 1008 3165 est
1025 3106 1106 3184 (cap.
1122 3107 1190 3182 227,
1215 3106 1437 3182 charolum).

214 3204 297 3261 Num
318 3203 482 3277 probabile
503 3206 550 3261 est
571 3204 650 3265 tales
673 3204 777 3278 virne,
808 3221 947 3278 quorum
969 3204 1094 3263 devotio
1118 3204 1296 3279 Spartanae
1317 3206 1440 3264 fortitu-

214 3301 279 3359 dini
304 3302 442 3360 fortasse
467 3301 691 3376 praeponenda
713 3306 762 3360 est
781 3301 839 3377 ⁶22),
872 3302 912 3361 ab
933 3302 1220 3377 Amphictyonibus
1242 3303 1329 3362 nulla
1352 3320 1441 3377 prae·

213 3399 368 3458 dicatione
396 3399 569 3457 honoratos
597 3416 683 3472 esse,
716 3416 789 3458 cum
817 3399 858 3457 ab
884 3399 997 3472 iisdem
1026 3400 1264 3475 Peloponnesii,
1296 3401 1351 3474 qui
1372 3401 1441 3459 tuto

214 3497 342 3556 domum
364 3497 531 3572 abiissent,
557 3499 686 3572 propter
704 3498 826 3572 priores
845 3515 972 3573 pugnas
990 3498 1081 3557 titulo
1099 3498 1187 3572 digni
1205 3499 1333 3556 iudicati
1353 3497 1440 3556 sint?

214 3596 282 3653 Non
310 3596 433 3671 opinor.
470 3594 670 3653 Sumendum
696 3596 755 3654 erit
777 3596 988 3671 Thespienses
1011 3629 1049 3636 -
1070 3599 1106 3653 ut
1130 3595 1326 3670 Spartiatae,
1358 3612 1440 3669 quos

214 3692 358 3751 deserere
379 3693 617 3751 noluissent-
638 3694 790 3767 peculiari
811 3696 1019 3752 monumento
1040 3693 1213 3753 celebratos
1235 3711 1306 3752 esse
1326 3692 1377 3768 23).

215 3845 373 3852 ———.

246 3941 281 4003 22)
314 3941 395 3992 Grote
420 3941 450 3990 Η.
473 3943 502 3991 of
524 3941 567 3992 Gr.
587 3943 608 3991 V
632 3959 655 4006 p.
673 3941 702 3991 9l
723 3942 845 4004 (Americ.
865 3943 931 4005 cd,):
958 3942 1029 4007 ‘they
1048 3944 1183 4008 displayed
1202 3959 1269 3993 even
1286 3957 1359 3992 more
1377 3943 1445 3991 than

214 4026 324 4090 Spartan
346 4027 476 4089 heroism,
501 4028 572 4076 since
595 4029 660 4092 they
687 4044 755 4078 were
780 4035 826 4078 not
849 4030 935 4079 under
956 4030 1016 4079 that
1033 4029 1131 4092 species
1149 4029 1177 4077 ol
1194 4029 1341 4079 constraint
1358 4027 1446 4074 which

214 4111 293 4161 arises
310 4112 377 4161 from
395 4113 441 4160 the
460 4115 589 4176 necessity
607 4113 636 4162 of
651 4114 741 4176 acting
760 4129 794 4176 up
812 4119 838 4163 to
857 4129 872 4162 a
891 4114 1097 4175 praestablished
1115 4114 1185 4162 taine
1202 4113 1253 4164 and
1270 4111 1448 4176 superiority'.

214 4195 252 4245 Cf.
270 4196 401 4246 llelbriiclr
419 4197 489 4246 intra
506 4198 638 4255 laudatus.

246 4279 280 4341 2⁴3)
315 4281 452 4344 Fuerunt,
481 4283 528 4346 qui
557 4287 683 4346 putarent
712 4281 755 4342 (cf.
793 4284 876 4346 Bergk
905 4298 928 4345 p.
956 4281 1016 4343 428)
1042 4282 1246 4344 Thespiensium
1274 4285 1449 4331 monumento

215 4365 350 4429 inscriptos
378 4367 460 4415 luisse
490 4367 624 4416 Philiadae
655 4366 816 4429 Megarensis
845 4368 1001 4430 cuiusdam,
1033 4373 1125 4430 poetae
1155 4368 1309 4430 ceteroquin
1341 4382 1448 4430 prorsus

215 4449 309 4512 ignoti,
333 4465 438 4512 versae,
463 4451 508 4513 qui
527 4451 673 4500 laudantur
690 4452 757 4513 apud
777 4451 943 4514 Stephanum
962 4453 1022 4514 Byz.
1040 4468 1063 4501 v.
1082 4447 1209 4500 Θέσπεια·

445 4531 538 4596 ἄνδρες
556 4532 587 4583 θ’
602 4533 632 4582 οἵ
644 4531 704 4582 ποτ’
720 4532 805 4585 ἔναιον
822 4532 874 4584 ὑπὸ
892 4532 1037 4599 κροτάφοις
1052 4533 1211 4596 Ἑλικῶνος,

511 4615 606 4683 λήματι
623 4623 677 4667 τῶν
694 4615 774 4684 αὐχεῖ
788 4617 902 4674 Θεσπιὰς
920 4617 1073 4684 εὐρύχορος.

217 4701 376 4766 Stephanum
406 4719 482 4752 usum
510 4719 567 4754 esse
595 4704 735 4753 llerodiani
759 4706 882 4754 Prosodia
905 4705 1007 4754 Cathol.
1032 4705 1121 4753 docuit
1145 4706 1224 4755 Lentz
1249 4703 1400 4767 (Herodian.
1427 4707 1444 4756 l.

217 4784 344 4852 ditthltl,
368 4789 400 4838 cl.
419 4787 533 4853 annot),
558 4790 629 4838 hunc
652 4792 742 4838 autem
766 4789 930 4852 epigramma
954 4790 1097 4852 sumpsisse
1121 4805 1151 4840 ex
1177 4789 1279 4838 Corona
1296 4791 1445 4854 Meleagron

1327 4873 1342 4924 2
