3516 5712
767 466 806 526 ar
1227 464 1247 543 ε
1269 465 1399 526 48-50.

176 672 249 714 vero
280 656 329 712 θεῖ
360 654 522 713 dissimile.
557 654 711 729 Carmen,
747 653 876 728 opinor,
911 653 997 729 apud
1026 651 1145 711 Naxios
1173 652 1340 728 vulgatum
1368 653 1402 711 in

175 752 354 813 chronicon
376 754 537 827 receptum
558 754 606 811 est
627 752 737 827 atque,
762 768 826 826 quo
848 750 949 810 maior
969 750 1013 809 illi
1031 750 1203 809 haberetur
1222 750 1317 826 fideS,
1343 768 1402 825 pro

176 850 358 910 Simoniden
378 851 606 926 epigrammate
627 852 675 909 est
695 849 826 909 editum.
851 849 965 924 Itaque
987 848 1401 920 Simonideaeauctoritatis

173 951 262 1007 extra
292 948 443 1024 Syllogen
474 948 689 1008 Simonideam
720 947 853 1007 carmini
881 947 1045 1022 appositae
1074 947 1256 1021 exemplum
1284 946 1402 1007 habere

173 1046 330 1105 videmur.

212 1143 343 1220 Legitur
371 1161 397 1202 c.
422 1143 461 1202 42
489 1144 522 1202 in
550 1143 660 1202 eadem
680 1143 912 1219 disputatione,
944 1142 984 1201 de
1009 1159 1072 1216 qua
1094 1141 1197 1201 dicam
1219 1141 1253 1200 in
1276 1140 1295 1219 ἓ
1318 1159 1398 1220 seq.,

171 1259 219 1316 ep.
245 1240 303 1301 138
325 1240 421 1318 (trad.
446 1238 503 1317 A),
535 1241 621 1315 quod
643 1240 760 1300 scilicet
781 1241 822 1299 ad
843 1240 1062 1314 Thucydidem
1085 1238 1125 1316 (Ι.
1152 1237 1222 1316 132)
1247 1241 1397 1316 recurrit,

172 1356 243 1398 cum
265 1340 359 1398 cuius
380 1339 487 1398 verbis
509 1339 697 1398 Plutarehea
719 1338 784 1398 fere
805 1339 1010 1398 conveniunt.

213 1436 231 1514 ἕ
255 1437 304 1498 50.
350 1436 401 1497 Dc
421 1454 496 1514 epp.
515 1434 603 1497 libro
626 1436 668 1497 de
690 1435 820 1497 Herod.
846 1437 927 1498 mal.
950 1453 1026 1497 cum
1044 1433 1130 1497 Vitis
1147 1434 1396 1497 communibus.

172 1536 226 1594 Bis
255 1534 450 1596 Plutarchus
480 1533 524 1611 (d.
554 1535 595 1593 H.
624 1553 666 1594 m.
696 1535 734 1594 42
763 1537 793 1594 et
821 1535 874 1594 Ar.
901 1533 952 1611 19)
983 1535 1183 1593 Herodotum
1211 1535 1397 1610 impugnat,

172 1635 256 1708 quod
282 1635 479 1695 Graecorum
506 1633 627 1693 mediae
648 1633 725 1693 aciei
747 1634 855 1709 copias
876 1634 909 1692 in
930 1633 1050 1709 proelio
1072 1633 1250 1692 Plataeensi
1271 1651 1401 1710 pugnae

171 1749 235 1790 non
262 1731 448 1790 interfuisse
475 1731 531 1790 sed
553 1731 635 1791 circa
657 1731 792 1790 lunonis
814 1731 967 1806 templum
989 1731 1172 1790 consedisse
1193 1731 1340 1790 tradebat
1358 1729 1395 1807 ⁷).

172 1829 251 1889 Cum
276 1829 347 1888 aliis
373 1828 470 1888 rebus
492 1830 607 1888 astruit
629 1829 819 1889 sententiam
841 1846 934 1888 suam
956 1829 1149 1888 Plutarchus
1170 1831 1240 1888 tum
1261 1833 1400 1904 utroque

170 1927 236 1986 loco
263 1929 455 2002 argumento
482 1927 584 1986 utitur
612 1927 842 2003 epigrammate
871 1926 942 1986 140:
975 1923 1028 1986 καὶ
1055 1923 1110 1986 τὸν
1137 1923 1252 2004 βωμὸν
1277 1924 1338 1986 οὐκ
1359 1926 1399 1986 ἂν

171 2022 354 2103 ἐπέγραψαν
373 2022 488 2095 οὕτως,
510 2024 539 2085 εἰ
551 2022 647 2103 μόναι
661 2028 741 2103 τρεῖς
754 2021 859 2092 πόλεις
873 2023 1067 2104 ἠγωνίσαντο
1082 2027 1145 2084 τῶν
1159 2021 1264 2085 ἄλλων
1278 2022 1397 2102 ἀτρέμα

170 2121 400 2200 καθεζομένων
429 2121 524 2199 (Ar.)
561 2124 726 2183 Laudatur
754 2124 868 2183 deinde
889 2141 938 2198 ep.
963 2122 1032 2182 sine
1055 2122 1228 2182 SimonidIs
1250 2124 1394 2198 nomine,

170 2237 232 2294 quo
261 2238 338 2280 vero
365 2221 555 2298 insignitum
583 2225 630 2281 θεῖ
651 2222 747 2296 idque
768 2222 800 2281 in
822 2223 910 2281 textu
933 2221 1025 2281 valde
1045 2221 1173 2280 diverso
1194 2222 1256 2279 ΑΡ.
1280 2220 1333 2280 VI.
1359 2221 1397 2280 50

172 2316 222 2393 (ci.
249 2317 269 2396 5
294 2318 385 2394 137,3
406 2322 436 2378 et
459 2318 479 2397 5
503 2319 561 2379 138
583 2318 664 2395 sq),
688 2337 765 2395 ergo
784 2320 977 2379 Plutarchus
995 2318 1197 2378 traditionem
1214 2319 1254 2394 A,
1279 2318 1397 2378 Antho-

170 2417 249 2492 logia
286 2417 369 2476 trad.
402 2416 424 2476 S
457 2420 697 2492 repraesentare
728 2417 864 2476 videtur.
909 2418 1168 2478 Consentaneum
1200 2419 1249 2476 est
1279 2435 1327 2493 ep.
1363 2418 1396 2477 in

169 2499 345 2590 utrumque
380 2515 543 2574 Plutarchi
580 2515 684 2574 locum
720 2515 855 2574 fluxisse
886 2532 925 2574 ex
955 2515 1066 2574 eodem
1098 2515 1261 2590 scriptore.
1297 2515 1397 2575 Cuius

169 2615 254 2672 aetas
275 2613 339 2672 iam
362 2613 455 2674 certis
476 2613 621 2672 terminis
643 2595 915 2673 circumscribitur
929 2631 966 2673 ea
981 2630 1031 2688 re,
1056 2613 1143 2687 quod
1157 2613 1397 2689 epigrammatis

169 2711 270 2770 forma
298 2712 325 2769 A
352 2712 439 2787 apud
467 2712 653 2787 scriptorem
681 2711 819 2786 aliquem
846 2711 976 2770 inventa
1006 2711 1046 2770 sit
1068 2728 1197 2770 necesse
1218 2712 1266 2770 est
1286 2729 1304 2770 a
1328 2711 1397 2771 Gol-

168 2809 292 2882 leotore;
326 2810 382 2884 qui
412 2810 510 2886 igitur
541 2812 596 2868 aut
618 2809 821 2887 scriptorem,
856 2827 951 2884 quem
973 2810 1176 2885 quaerimus,
1212 2809 1398 2868 adhibuisse

168 2908 347 2966 censendus
369 2910 418 2967 est
439 2909 494 2966 aut
515 2907 629 2983 alium,
654 2908 710 2982 qui
731 2907 772 2967 ad
790 2908 879 2966 illum
898 2925 1063 2968 recurrere
1077 2908 1212 2968 videtur.
1237 2907 1396 2976 Quoniam

169 3005 351 3064 Herodotus
377 3006 574 3081 epigramma
595 3023 660 3065 non
682 3005 828 3082 praebet,
859 3006 1064 3082 historicum,
1096 3006 1151 3081 qui
1172 3006 1204 3063 id
1225 3005 1397 3066 memoriae

168 3104 330 3179 proderet,
366 3105 481 3178 quarto
512 3103 638 3163 saeculo
669 3104 819 3164 floruisse
850 3105 984 3164 constat.
1029 3104 1125 3163 lllum
1157 3105 1264 3162 autem
1296 3104 1397 3162 fuisse

168 3201 373 3276 Ephorum
407 3202 564 3261 eiusmodi
598 3203 797 3278 argumentis
832 3202 962 3278 probari
997 3203 1117 3278 potest,
1151 3201 1271 3276 quibus
1303 3202 1395 3277 argui

168 3300 306 3359 vidimus
327 3317 402 3358 eum
422 3299 524 3358 inisse
545 3302 722 3376 auctorem,
748 3318 787 3359 ex
805 3317 869 3375 quo
887 3300 920 3358 in
939 3299 1148 3360 Plutarchum
1167 3318 1238 3376 epp.
1253 3299 1396 3373 quinque

168 3398 369 3458 Corinthiaca
400 3398 619 3457 manavissent
654 3398 708 3476 (oi.
742 3396 761 3476 ἓ
791 3395 854 3474 29).
879 3398 1056 3473 ,Habemus
1085 3399 1170 3458 enim
1197 3398 1394 3456 luculentum

166 3497 345 3571 exemplum
374 3497 556 3573 argumenti
583 3514 621 3556 ex
642 3498 872 3574 epigrammate
892 3496 996 3572 petiti,
1024 3497 1111 3570 quod
1133 3496 1299 3570 Ephorum
1321 3496 1394 3554 ada·

166 3611 271 3654 masse
298 3612 337 3653 ex
365 3595 468 3671 ipsius
496 3596 615 3655 diserto
643 3595 824 3656 testimonio
847 3595 967 3654 scimus
991 3592 1026 3671 (ἓ
1049 3594 1087 3654 29
1109 3612 1140 3652 n.
1165 3590 1229 3668 28).
1265 3593 1395 3667 Ephoro

166 3694 272 3751 autem
303 3694 387 3753 hanc
418 3693 630 3754 Herodoteam
663 3694 879 3753 narrationem
911 3691 1123 3768 impugnandi
1150 3690 1306 3765 imprimis
1334 3690 1395 3748 ruit

166 3809 279 3866 causa,
315 3809 404 3865 cum,
439 3793 474 3849 ut
505 3791 539 3848 in
570 3808 698 3866 pugnae
729 3790 922 3850 Salaminiae
949 3790 1176 3865 descriptione,
1207 3788 1251 3847 ita
1279 3789 1313 3846 in
1335 3788 1395 3846 hac

167 3888 362 3948 Plataeensis
392 3887 459 3965 (IX.
485 3885 536 3964 69)
565 3886 739 3950 Corinthii
766 3891 871 3948 denuo
893 3890 973 3964 sint,
1005 3888 1060 3963 qui
1083 3888 1212 3946 veniant
1234 3883 1283 3944 ἐπ’
1307 3883 1392 3961 ἐξερ-

167 3985 347 4063 γασμένοισι
376 3984 477 4062 (VIII.
510 3984 573 4063 64).
606 3989 729 4048 Revera
757 3988 886 4047 Diodori
907 3988 1092 4062 excerptum
1114 3985 1298 4060 Ephoreum
1321 3981 1389 4059 (XI.

166 4085 203 4145 30
224 4082 312 4160 sqq.)
342 4101 452 4144 omnes
481 4085 676 4145 Graecorum
703 4086 811 4160 copias
833 4085 943 4160 proelii
965 4085 1135 4160 participes
1156 4083 1257 4141 fuisse
1278 4081 1390 4156 tradit,

166 4183 376 4259 Tegeatarum
407 4184 512 4242 autem
544 4185 666 4258 partes,
701 4184 820 4258 quibus
851 4186 977 4258 praeter
1005 4181 1270 4242 Lacedaemonios
1298 4181 1394 4254 atque

166 4281 373 4340 Athenienses
414 4281 618 4356 praecipuam
657 4282 814 4341 tribuerat
850 4282 978 4340 laudem
1017 4280 1217 4355 Herodotus,
1259 4296 1394 4357 prorsus

167 4379 318 4454 neglexit,
350 4394 546 4454 quamquam
575 4379 661 4453 apud
683 4397 757 4440 eum
780 4380 934 4440 Corinthii
956 4381 1160 4456 Megarenses
1182 4378 1314 4437 Phliasii
1336 4375 1390 4453 (ci.

168 4476 240 4535 Hdt.
265 4477 320 4534 IX.
346 4474 398 4552 69)
428 4481 524 4552 atque
549 4476 631 4536 adeo
658 4477 799 4553 Sicyonii
828 4496 924 4537 suum
946 4479 1101 4538 honorem
1121 4477 1282 4538 consecuti
1305 4479 1390 4536 sunt.

168 4575 323 4634 Diodorus
361 4579 468 4634 autem
504 4575 628 4652 omisit,
666 4579 703 4636 ut
733 4575 768 4634 in
798 4594 927 4652 pugnae
959 4577 1151 4637 Salaminiae
1181 4575 1395 4650 descriptione

166 4709 323 4719 —-

197 4777 220 4842 ⁷)
253 4780 293 4832 Gi.
312 4779 464 4832 Bus01t112.
482 4780 531 4832 736
549 4797 574 4831 n.
594 4779 624 4844 3,
641 4781 686 4832 Ed.
705 4780 798 4845 Meyer
815 4781 858 4832 lll.
877 4781 933 4832 413.
