3546 5724
406 494 481 569 Cap.
509 467 534 551 l:
997 495 1035 556 26

405 680 495 750 Quod
524 681 671 754 equidem
699 682 758 740 has
786 680 988 754 quaestiones
1016 680 1211 740 dirimendas
1239 681 1309 740 aliis
1338 681 1502 757 relinquo,
1537 700 1620 757 spero

405 779 472 837 tore
503 781 538 837 ut
569 779 700 838 lectores
728 779 871 854 probent.
906 779 987 837 Nam
1008 782 1038 837 et
1059 779 1141 838 fines
1162 779 1259 837 huius
1281 779 1513 854 disquisitionis
1536 780 1620 838 nimis

404 877 571 952 egrederer
601 879 632 936 et
660 877 862 952 quaestiones
890 877 1077 952 strategieas
1098 877 1155 953 4⁰),
1187 895 1269 952 quas
1296 878 1464 952 hueusque
1484 877 1621 936 eonsulto

404 975 570 1034 evitandas
598 975 691 1049 duxi,
723 977 859 1034 tractare
887 977 1015 1034 coaetus
1036 992 1149 1034 essem.
1184 976 1318 1034 Etiamsi
1340 978 1508 1051 appareret
1530 976 1621 1034 Hero-

404 1073 514 1136 dotum
532 1075 634 1131 totum
653 1073 790 1148 pendere
805 1072 845 1131 ab
859 1072 1045 1131 auctoribus
1061 1089 1125 1130 non
1142 1072 1364 1147 Spartanis-
1380 1074 1482 1147 quod,
1503 1073 1619 1148 opinor,

404 1188 497 1229 nemo
518 1171 691 1230 arbitretur
711 1203 751 1212 -
773 1171 822 1228 vel
843 1170 888 1229 sie
909 1172 1033 1229 oonstat
1054 1187 1128 1228 eum
1149 1171 1182 1229 in
1204 1171 1459 1247 digressionibus
1480 1171 1622 1230 litorariis

406 1267 583 1343 Spartanae
605 1270 730 1329 tradere
751 1269 964 1329 traditiones.-

445 1367 636 1426 Dilfieillima
664 1370 712 1426 est
737 1367 881 1441 quaestio
902 1369 998 1441 atque
1019 1367 1072 1425 vix
1094 1367 1288 1442 dirimenda,
1320 1367 1546 1443 cognoveritne
1569 1368 1622 1426 He-

405 1465 536 1524 rodotus
558 1467 712 1524 textum
734 1466 1000 1540 epigrammatum
1016 1465 1267 1542 praeterquam
1289 1482 1325 1525 er
1343 1463 1520 1542 Spartano
1536 1464 1625 1524 fonte

404 1581 442 1621 ex
470 1563 548 1637 ipsis
577 1563 801 1622 marmoribus.
836 1563 916 1622 Nam
938 1563 1001 1621 hue
1022 1563 1125 1622 redire
1148 1561 1167 1640 ᾗ
1193 1563 1228 1622 13
1251 1563 1390 1622 vidimus
1412 1562 1624 1637 quaestionem

404 1662 443 1720 de
471 1662 635 1736 scriptoris
664 1659 810 1738 αὐτοψίᾳ.
846 1662 916 1721 Hoe
944 1662 1055 1720 saltem
1084 1665 1208 1721 constat
1237 1662 1452 1736 Herodotum,
1483 1661 1624 1735 sepulcra

405 1759 431 1817 si
459 1760 527 1834 ipse
554 1759 702 1833 vidisset,
735 1756 889 1836 pariaque
916 1759 1042 1818 tradere
1070 1758 1229 1843 debuisse.
1268 1759 1330 1818 Sed
1352 1759 1421 1817 fieri
1443 1761 1562 1834 potest,
1593 1762 1626 1817 ut

404 1858 454 1914 vel
484 1857 529 1915 sio
560 1859 726 1916 auetorum
758 1874 891 1916 suorum
923 1857 1038 1916 indicia
1070 1857 1232 1931 sequenda
1264 1857 1407 1932 duxerit,
1442 1856 1625 1931 praesertim

404 1974 476 2016 eum
505 1956 730 2014 Thebanorum
759 1954 896 2014 honores
924 1971 1019 2030 aegre
1046 1972 1119 2013 oum
1137 1955 1294 2030 ignaviae
1315 1972 1426 2013 eorum
1447 1953 1627 2012 narratione

403 2054 563 2113 eoneiliari
590 2055 737 2129 possent,
768 2053 1083 2128 Thespiensibusque
1110 2053 1309 2112 satisfactum
1339 2053 1516 2126 videretur,
1548 2051 1574 2109 si
1595 2051 1627 2108 in

404 2153 706 2227 Peloponnesiorum
734 2151 962 2226 epigrammate
989 2168 1099 2209 eorum
1129 2170 1257 2226 quoque
1285 2152 1388 2210 virtus
1409 2150 1538 2210 laudata
1559 2167 1628 2208 esse

404 2251 592 2309 traderetur.
628 2249 826 2308 Herodotum
847 2250 931 2307 enim
953 2249 1047 2307 etiam
1068 2249 1101 2307 in
1123 2249 1162 2307 iis
1184 2250 1298 2324 rebuS,
1329 2266 1411 2323 quae
1432 2248 1493 2322 ipsi
1514 2264 1627 2322 parum

404 2348 584 2423 probabiles
601 2348 795 2420 viderentur,
817 2347 857 2406 ab
873 2347 1058 2406 auctoribus
1074 2348 1142 2405 suis
1158 2348 1303 2407 reeedere
1318 2347 1459 2405 noluisse
1474 2364 1513 2404 ex
1528 2346 1629 2420 ipsius

404 2447 570 2504 notissimo
592 2445 772 2504 testimonio
796 2446 880 2520 (Vll.
908 2445 977 2522 152)
1002 2448 1121 2505 seimus
1142 2443 1193 2520 0).

446 2544 520 2602 Sive
551 2562 627 2602 vero
659 2544 841 2602 Herodotus
873 2545 1104 2619 Thermopylas
1137 2544 1283 2602 visitasse
1315 2543 1441 2602 videtur
1470 2543 1537 2600 sive
1565 2559 1629 2600 non

405 2641 546 2717 videtur,
582 2643 640 2701 hoe
673 2641 842 2700 verisimile
872 2642 954 2701 dueo
986 2660 1059 2700 eum
1087 2642 1354 2717 epigrammatum
1383 2644 1504 2700 textum
1534 2641 1629 2698 tradi·

404 2743 512 2808 turum
545 2756 608 2798 non
641 2739 756 2814 luisse,
792 2739 852 2797 nisi
884 2740 916 2802 in
948 2740 1124 2814 Spartana,
1160 2757 1263 2813 quam·
1286 2741 1431 2798 secutum
1458 2756 1531 2797 eum
1560 2755 1631 2796 esse

403 2837 568 2912 apparuit,
599 2838 768 2896 traditione
790 2855 904 2896 versus
926 2839 986 2913 ipsi
1008 2840 1115 2897 essent
1136 2837 1266 2896 laudati.

444 2936 610 2994 Praeterea
633 2936 695 2994 vid.
723 2935 742 3011 ᾖ
766 2953 832 3009 seq.

445 3032 534 3109 §la
581 3033 631 3093 De
669 3033 888 3094 Herodoteoe
924 3032 1073 3094 notitiae
1107 3031 1187 3094 tide.
1232 3032 1436 3091 Instituimns
1473 3032 1631 3107 imprimis

403 3133 499 3190 fontis
533 3133 702 3191 Herodotei
733 3133 971 3206 iaquisitionem
1006 3130 1041 3209 (ξ
1076 3130 1145 3207 12),
1183 3135 1218 3190 ut
1250 3131 1514 3204 constitueretur,
1551 3147 1631 3188 num

402 3231 466 3288 lide
497 3231 594 3305 digna
625 3234 708 3289 esset
739 3231 808 3288 eius
837 3231 947 3288 notitia
979 3230 1174 3289 Simonidem
1204 3229 1366 3304 blegistiae
1394 3228 1629 3302 inscriptioniS,

403 3329 649 3403 Amphictyones
681 3330 786 3386 nutem
818 3329 887 3387 eius
918 3329 1001 3402 eippi
1029 3347 1100 3387 esse
1127 3329 1338 3400 dedicatores;
1372 3343 1469 3402 quarn
1498 3328 1632 3385 annota-

403 3428 519 3486 tionem
547 3427 683 3501 denique
711 3426 846 3500 positam
873 3443 945 3484 esse
974 3426 1112 3484 vidimus
1141 3427 1173 3483 in
1204 3426 1263 3484 hoe
1287 3424 1512 3497 fundamento,
1544 3423 1633 3497 quod

402 3717 451 3764 arrd
477 3716 566 3764 drawn
592 3715 657 3764 trem
684 3714 907 3762 lrrrodaemoaiaa
926 3712 1047 3761 solares.
1077 3712 1268 3760 Atheniensem
1287 3715 1377 3758 autem
1398 3711 1497 3758 t'ontem
1515 3709 1542 3757 iu
1561 3709 1634 3758 Ttre-

403 3802 529 3850 banorum
548 3800 754 3848 ralrnaaiatiuae
774 3799 818 3846 lid.
837 3797 927 3860 llleyer
943 3797 1060 3856 tl'orsctr.
1081 3797 1110 3844 ll.
1129 3796 1178 3844 000
1196 3813 1249 3859 sq,
1268 3796 1297 3844 G.
1311 3796 1334 3844 d.
1349 3795 1377 3842 Α.
1398 3794 1439 3842 lll.
1457 3791 1519 3854 380)
1537 3794 1634 3855 depre-

402 3886 517 3934 hendere
540 3884 588 3932 sibi
614 3885 683 3932 risus
706 3889 758 3931 rst:
786 3881 853 3931 ‘eine
877 3882 991 3930 attisrtre
1016 3881 1137 3941 Version,
1165 3881 1205 3928 die
1229 3879 1555 3942 eirigrstandenarmassea
1582 3894 1635 3927 ron

402 3971 452 4018 den
477 3969 641 4031 lireigaissea
668 3983 715 4016 ron
737 3967 782 4015 tat
805 3967 960 4014 beeiatlasst
979 3965 1019 4013 ist'
1037 3965 1081 4025 (rt.
1100 3979 1207 4028 qaoque
1227 3965 1318 4012 llusolt
1337 3961 1380 4013 ll².
1399 3963 1448 4011 675
1467 3979 1490 4012 n.
1510 3961 1543 4022 t).
1573 3963 1635 4013 Non

403 4068 468 4117 nego
482 4054 641 4101 llerorlotrna
656 4052 857 4100 Atheniensium
875 4051 900 4098 ia
917 4051 1029 4112 grrrtiaar
1045 4050 1111 4099 talia
1125 4051 1264 4112 recepisse,
1283 4049 1350 4097 sieut
1362 4048 1512 4096 Corinthios
1525 4054 1637 4097 accusat

403 4140 520 4200 ignariar
545 4139 569 4185 ia
596 4153 684 4198 inagna
707 4137 866 4196 Salaminia,
891 4143 918 4183 at
936 4136 1007 4195 urigo
1025 4135 1211 4183 Tlrrlrauoruur
1230 4133 1380 4182 calumniae
1398 4134 1460 4182 inite
1478 4133 1637 4196 quaerenda

401 4239 458 4272 esse
483 4223 585 4270 ridetur
608 4224 651 4280 tel.
679 4223 748 4284 llnry
774 4237 853 4284 snpra
876 4235 937 4269 anri.
961 4219 1019 4281 nn),
1044 4221 1113 4282 queit
1139 4220 1165 4267 ia
1192 4234 1280 4281 prrgna
1304 4218 1451 4266 Plataeensi
1476 4235 1492 4266 u
1513 4219 1638 4282 fartibus

405 4309 542 4356 Persarum
561 4312 701 4355 steterant.

434 4392 469 4450 40)
505 4395 694 4453 Qiraeoruuque
713 4407 816 4453 prrgrrae
833 4389 1066 4451 'l'lrerraorrrlrasis
1084 4389 1225 4450 strategira
1242 4389 1370 4450 arripitur
1387 4388 1539 4450 explicatio,
1558 4389 1586 4436 ln
1603 4403 1638 4436 ea

401 4478 535 4539 eopiarum
562 4476 688 4538 explositio
715 4491 773 4524 mea
799 4477 876 4524 ratri.
904 4474 969 4522 Naar
997 4479 1143 4536 aorrgentos
1167 4473 1228 4533 t3tltl
1254 4480 1281 4523 ψ
1306 4473 1356 4520 ‘llll
1382 4480 1408 4521 ÷
1435 4471 1496 4532 too)
1519 4487 1638 4520 nuarero

401 4577 460 4609 eum
482 4561 595 4610 Leonida
615 4561 696 4608 l‘ersis
715 4561 843 4608 restitisse
863 4564 925 4622 pino
944 4559 1070 4620 Graecos,
1089 4574 1149 4607 cum
1169 4559 1249 4606 rtiam
1269 4558 1313 4619 iis,
1332 4557 1378 4620 qui
1393 4557 1532 4606 Thebanos
1548 4557 1638 4606 aciem

402 4646 547 4694 iteseruisse
567 4646 695 4706 indicant,
716 4646 787 4694 mille
806 4645 867 4705 (300
887 4653 915 4694 ÷
936 4641 993 4704 ltltl)
1016 4645 1082 4692 riros
1100 4644 1257 4692 reanmsisse
1275 4642 1456 4705 arripiendum
1474 4647 1538 4690 erat.

434 4728 470 4789 ⁴¹1)
503 4724 555 4792 ἐγὼ
574 4724 603 4776 δὲ
620 4725 721 4791 ὀφείλω
739 4725 821 4792 λέγειν
839 4723 869 4776 τὰ
887 4725 1026 4791 λεγόμενα,
1043 4724 1188 4776 πείθεσθαί
1200 4745 1228 4791 ye
1243 4723 1293 4790 μὲν
1308 4723 1339 4776 οὐ
1354 4722 1502 4775 παντάπασι
1516 4721 1638 4789 ὀφείλω,

402 4812 451 4862 καί
464 4831 509 4877 μοι
528 4818 602 4862 τοῦτο
621 4809 649 4862 τὸ
667 4810 728 4868 ἔπος
745 4809 828 4878 ἐχέτω
846 4809 872 4868 ἐς
890 4809 973 4862 πάντα
991 4810 1076 4876 λόγον.
