3516 5712
401 507 476 581 Cap.
502 507 545 566 ΙΙ.
994 509 1030 566 74

399 696 453 752 tur
473 690 531 769 51),
565 693 649 753 intra
681 712 840 753 annorum
871 694 1030 754 335-300
1062 697 1218 772 spatium,
1252 696 1363 771 utique
1395 697 1621 773 posterioribus

399 792 504 866 quarti
527 792 644 852 saeculi
665 792 835 868 decenniis
861 793 1040 868 ponendam
1058 811 1129 852 esse
1142 793 1287 869 Sylloges
1302 794 1458 870 originem
1473 796 1620 853 constitu·

398 889 517 948 endum
538 893 595 948 est.
619 890 795 948 Verisimile
815 893 922 950 autern
943 891 1070 950 videtur
1091 892 1223 967 propius
1238 892 1279 951 ad
1298 893 1503 952 recentiorem
1519 894 1619 951 termi-

400 1005 476 1046 num
498 1005 596 1062 quam
617 987 657 1046 ad
680 988 884 1047 vetustiorem
906 989 1054 1048 accedere
1074 989 1142 1048 eius
1164 992 1308 1048 aetatem.
1340 990 1518 1067 Scriptores
1540 992 1620 1049 enim

398 1086 539 1145 historici
567 1085 797 1162 epigrammata
825 1085 974 1145 exhihere
995 1087 1097 1146 solent
1118 1087 1237 1162 taliter,
1269 1088 1404 1162 qualiter
1426 1089 1457 1148 in
1481 1089 1620 1148 lontibus

398 1184 605 1259 praebentur;
629 1183 714 1258 quod
736 1169 834 1260 igitur
855 1185 1003 1243 Timaeus
1021 1185 1110 1244 iuxta
1129 1185 1369 1263 Theopompum
1388 1187 1533 1246 adhibuit
1555 1186 1620 1263 Syl·

397 1282 490 1358 legen
504 1281 731 1357 Simonidem,
753 1283 784 1341 id
800 1299 935 1358 arguere
946 1282 1072 1342 videtur
1086 1283 1353 1359 epigrammatum
1368 1284 1618 1344 Simonideorum

398 1379 661 1454 conquisitionem
689 1378 786 1440 baud
813 1378 924 1440 multo
953 1381 1034 1441 cote
1060 1381 1176 1440 factam
1198 1381 1317 1448 Timaei
1343 1383 1485 1442 animum
1512 1383 1619 1442 adver-

396 1478 483 1537 tisse.
518 1478 631 1552 Itaque
661 1479 744 1538 circa
776 1496 897 1537 annum
927 1479 985 1538 310
1016 1479 1165 1554 Syllogen
1194 1482 1297 1538 ortam
1326 1497 1396 1539 esse
1424 1484 1529 1540 ratum
1559 1499 1619 1540 non

397 1575 492 1634 nimis
513 1593 564 1634 me
584 1575 744 1635 erravisse
764 1580 851 1651 puto.

439 1673 588 1750 Syllogen
617 1673 748 1732 Athenis
776 1675 951 1734 confectam
972 1691 1043 1733 esse
1064 1692 1102 1733 ex
1128 1675 1326 1734 Athenarum
1347 1676 1380 1733 in
1400 1676 1513 1735 litteris
1537 1679 1620 1736 statu

396 1771 564 1831 effecerim.
599 1772 748 1830 Timaeus
775 1789 846 1830 eam
867 1771 910 1830 ibi
932 1773 1096 1848 cognovit,
1129 1772 1183 1831 ubi
1205 1773 1279 1832 inde
1299 1773 1340 1832 ab
1362 1791 1447 1832 anno
1467 1774 1527 1833 316
1549 1775 1620 1832 exul

396 1872 610 1929 commoratus
631 1887 702 1928 esse
717 1871 842 1929 videtur
856 1868 907 1946 52).
932 1871 1013 1928 Nam
1028 1888 1066 1928 ex
1082 1871 1295 1930 Alexandrina
1310 1871 1521 1947 Bibliotheca,
1540 1890 1621 1947 quae

395 1968 565 2041 postremis
596 1968 724 2027 demum
753 1968 858 2043 quarti
888 1968 1005 2027 saeculi
1034 1969 1127 2027 annis
1155 1969 1249 2028 condi
1276 1972 1385 2044 coepta
1413 1971 1477 2044 est,
1514 1970 1567 2028 vix
1594 1970 1620 2028 ei

395 2065 592 2125 innotescere
612 2057 724 2141 potuit.

436 2163 515 2232 Quis
543 2164 638 2223 fuerit
660 2163 813 2223 Gollector
834 2163 962 2222 difficile
983 2163 1069 2223 dictu
1091 2168 1154 2240 cst,
1187 2165 1242 2223 sed
1265 2165 1356 2224 ouius
1379 2166 1505 2224 scholae
1526 2166 1621 2224 fuerit

396 2262 526 2337 assecla,
540 2262 572 2320 id
584 2262 697 2336 opinor
708 2261 840 2321 indicari
853 2278 956 2336 posse.
978 2261 1070 2330 Quod
1083 2263 1201 2322 sciebat
1211 2263 1243 2321 in
1257 2263 1432 2322 Aristotelis
1444 2263 1620 2322 Rhetoricis

396 2359 533 2417 inveniri
554 2360 750 2436 epigramma
774 2359 947 2419 Simonidis
969 2360 1097 2418 nomine
1117 2363 1281 2436 ornatum,
1306 2360 1337 2418 id
1359 2360 1423 2420 iam
1444 2360 1533 2419 docet
1548 2378 1619 2419 eum

397 2457 429 2514 in
451 2458 510 2516 hoc
531 2457 612 2516 libro
630 2458 730 2516 fuisse
746 2460 918 2516 versatum.
943 2457 1127 2515 Videbimus
1143 2459 1252 2531 postea
1267 2457 1359 2516 valde
1373 2475 1444 2516 esse
1457 2458 1620 2532 probabile

395 2554 477 2612 inter
504 2555 692 2630 scriptores,
724 2573 805 2630 quos
831 2555 1097 2630 epigrammatum
1118 2555 1409 2629 conquirendorum
1431 2573 1529 2615 causa
1551 2574 1619 2630 per·

395 2653 556 2727 volvisset,
575 2652 675 2711 fuisse
685 2650 977 2729 philosophorum
992 2653 1153 2727 quendam
1167 2653 1381 2728 biographum
1399 2651 1433 2730 (ξ
1451 2651 1513 2729 75).
1539 2655 1618 2714 (lum

397 2754 558 2825 praeterea
580 2751 846 2827 epigrammatum
871 2751 1125 2811 Simonideorum
1142 2751 1280 2810 collectio
1295 2769 1312 2810 a
1328 2751 1443 2810 studiis
1458 2751 1619 2811 litterariis

394 2866 457 2907 non
480 2850 666 2925 abhorreat,
690 2849 723 2908 in
745 2867 828 2924 quae
849 2849 1076 2909 incumbebant
1098 2850 1317 2924 Praxiphaues
1341 2850 1520 2908 Demetrius
1540 2851 1619 2909 Pha-

392 2947 497 3005 lereus
535 2946 603 3023 (qui
639 2948 721 3006 idem
757 2948 898 3007 officium
935 2948 1058 3022 Aesopo
1078 2944 1118 3022 53)
1157 2947 1313 3022 praestitit
1348 2947 1433 3022 quod
1467 2948 1620 3008 Collector

396 3043 563 3121 Simonidi)
597 3046 648 3104 alii
680 3047 855 3105 Aristotelis
885 3048 1072 3120 sectatores,
1107 3045 1190 3104 inter
1218 3046 1442 3120 Peripateticos
1471 3046 1617 3105 exeuntis

392 3145 499 3218 quarti
521 3144 638 3202 saeculi
661 3144 866 3204 Collectorem
888 3145 989 3202 fuisse
1010 3143 1200 3202 contendere
1221 3144 1301 3202 licet.

433 3243 519 3318 Ergo
541 3242 651 3301 aetatis
676 3241 820 3318 Sylloges
845 3241 1045 3300 Simonideae
1066 3241 1332 3317 circumscriptio,
1364 3259 1461 3317 quam
1483 3242 1618 3316 acquisi-

393 3340 513 3417 vimus,
534 3335 686 3400 ¹convenit
707 3340 818 3401 iisdem
839 3340 1053 3416 temporibus,
1078 3339 1196 3414 quibus
1218 3340 1280 3398 iam
1299 3341 1471 3414 antequam
1489 3357 1618 3399 accura-

392 3438 487 3497 tiores
515 3439 667 3498 terminos
696 3439 914 3513 quaesivimus
943 3439 1036 3497 unice
1063 3438 1330 3514 epigrammatum
1360 3437 1619 3524 Simonideorum

391 3537 603 3595 collectionem
625 3536 756 3611 cogitari
777 3553 871 3610 posse
892 3536 1076 3595 dicebamus
1101 3534 1135 3613 (ᾖ
1159 3533 1223 3611 24).

433 3632 529 3712 §SR
582 3633 633 3694 Dc
659 3632 809 3694 historic
836 3632 1000 3712 Sylloges.
1053 3636 1178 3709 Restat,
1213 3637 1249 3694 ut
1277 3635 1441 3693 historiam
1473 3634 1619 3711 Sylloges

393 3732 593 3792 Simonideae
613 3733 752 3792 breviter
773 3730 1020 3808 persequar51).
1050 3733 1307 3792 Consentaneum
1329 3734 1377 3790 est
1398 3732 1458 3791 hoc
1481 3732 1618 3792 Simoni·

423 3981 458 4045 51)
493 3984 595 4048 Scripta
618 3986 689 4034 euim
718 3985 839 4034 videntur
866 3989 923 4047 post
951 3985 1058 4034 Politice
1081 3991 1109 4034 et
1132 3986 1188 4034 libr.
1213 3985 1245 4033 de
1271 3986 1334 4034 Arte
1358 3985 1476 4045 l'oetica,
1503 4001 1618 4048 quorum

389 4069 461 4131 prius
479 4085 544 4132 opus
562 4075 621 4131 post
639 4070 751 4132 Philippi
770 4074 882 4117 mortem
900 4069 1049 4118 confectum
1065 4075 1112 4118 est.
1132 4068 1618 4120 CiceronePW.-Rl3.11.1051-t.

422 4150 457 4213 52)
491 4153 624 4202 Schwartz
643 4153 730 4202 Herm.
749 4152 790 4202 34.
808 4151 874 4201 luuh
893 4169 916 4215 p.
935 4151 991 4201 tau.

423 4235 458 4298 53)
492 4237 568 4286 Teste
596 4238 667 4301 Diog.
692 4238 778 4287 Laert.
803 4237 830 4286 V.
855 4235 899 4286 80:
925 4233 1022 4300 πλήθει
1040 4232 1069 4285 δὲ
1085 4234 1198 4301 βιβλίων
1215 4233 1261 4286 καὶ
1279 4233 1388 4300 ἀριθμῷ
1407 4234 1505 4300 στίχων
1522 4233 1618 4301 σχεδὸν

389 4317 502 4374 ἅπαντας
526 4317 692 4386 παρελήλακε
716 4321 760 4382 (sc.
787 4323 937 4371 Demetrius
960 4320 1114 4383 Phalereus)
1133 4317 1193 4376 τοὺς
1212 4318 1272 4370 κατ’
1289 4317 1368 4370 αὐτὸν
1387 4317 1618 4386 Περιπατητικοὺς

390 4441 498 4469 .....
517 4400 556 4454 ὧν
572 4402 625 4454 ἐστι
643 4401 674 4455 τὰ
691 4401 739 4469 μὲν
759 4443 763 4453 .
780 4444 785 4454 .
804 4443 809 4454 .
828 4442 832 4453 .
852 4402 882 4455 τὰ
900 4402 930 4455 δὲ
950 4443 954 4454 ,
974 4443 978 4454 ,
998 4443 1002 4452 .
1021 4441 1025 4451 .
1042 4443 1049 4465 ,
1067 4402 1132 4455 ἀλλὰ
1149 4402 1204 4470 μὴν
1222 4402 1267 4455 καὶ
1285 4403 1395 4470 λόγων
1412 4403 1618 4455 Αἰσωπείων

389 4486 583 4554 συναγωγαὶ
605 4487 650 4540 καὶ
669 4487 733 4540 ἄλλα
750 4487 840 4539 πλείω.

421 4571 456 4635 54)
492 4575 528 4623 De
545 4575 665 4640 Sylloges
682 4576 848 4626 Simonideae
868 4577 1019 4625 recensione
1039 4577 1271 4639 Peloponnesiaco,
1294 4591 1376 4639 quam
1395 4577 1528 4639 quondam
1548 4577 1617 4625 exti-

388 4660 450 4708 tisse
475 4662 610 4724 postisque
634 4661 744 4710 Scholae
769 4661 1003 4722 Peloponuesiacae
1027 4661 1250 4724 epigrammaticis
1274 4661 1395 4710 imitandi
1419 4663 1520 4724 copiam
1540 4676 1617 4726 prac-

388 4743 475 4792 huisse
489 4745 646 4806 persuadere
659 4746 708 4795 sihi
722 4751 750 4795 et
763 4744 904 4794 lectoribus
917 4751 1028 4794 conatur
1040 4746 1217 4794 Reitzenstein
1232 4763 1254 4810 p.
1266 4744 1314 4795 135
1326 4761 1397 4810 sqq,
1414 4761 1497 4809 pauca
1508 4751 1616 4796 tautum

388 4829 454 4877 mihi
471 4829 591 4878 addenda
609 4835 672 4880 sunt
691 4835 748 4894 post
765 4845 809 4893 ea,
828 4843 897 4893 quae
916 4827 928 4891 ἓ
946 4827 978 4878 23
996 4829 1028 4878 de
1045 4830 1118 4879 illius
1135 4830 1228 4880 studiis
1246 4831 1306 4880 dixi.
1337 4830 1397 4882 Non
1414 4833 1501 4882 solum
1519 4832 1619 4882 nititur
