3516 5712
371 507 447 582 (lap.
472 507 540 582 ΙΙΙ,
565 505 593 566 9.
957 504 1014 563 102

410 695 449 753 At
477 694 612 752 alterum
640 709 769 768 quoque
796 690 891 751 habet
917 692 1018 751 Hiller
1043 693 1286 768 argumentum,
1318 691 1404 766 quod
1425 708 1464 750 ex
1485 691 1596 750 formis

370 791 468 850 huius
495 791 734 868 epigrammatis
761 790 898 849 diversis
924 791 1056 866 petitum
1079 791 1136 848 est.
1168 789 1287 848 Extant
1308 789 1377 848 eius
1398 789 1481 848 duae
1501 789 1597 848 tradi·

370 890 489 966 tioneS,
514 907 651 965 quarum
673 889 772 972 altera
793 888 899 947 denuo
922 887 1051 947 duobus
1072 887 1175 946 modis
1196 887 1313 946 tradita
1334 889 1391 946 est.
1425 888 1505 948 (ium
1527 887 1596 946 uni-

371 987 486 1062 cuique
506 989 612 1062 pateat
632 1004 701 1048 eam
723 986 877 1062 formam,
901 1003 984 1061 quae
1002 986 1043 1044 sit
1061 985 1148 1060 apud
1164 986 1348 1060 Lycurgum
1365 986 1472 1045 Leoer.
1488 985 1545 1044 109
1556 983 1595 1061 30)

527 1080 687 1162 Ἑλλήνων
707 1085 946 1161 προμαχοῦντες
963 1079 1126 1161 Ἀθηναῖοι
1147 1078 1334 1159 Μαραθῶνι

451 1179 726 1260 χρυσοφόρων
752 1177 881 1260 Μήδων
907 1178 1128 1258 ἐστόρεσαν
1155 1177 1330 1258 δύναμιν
1348 1225 1540 1241 .........
1562 1182 1594 1257 I,

372 1281 577 1340 vetustiorem
601 1279 644 1357 (1)
667 1297 738 1339 esse
759 1279 1043 1354 substructamque
1059 1279 1161 1338 fuisse
1175 1279 1297 1338 formae
1312 1279 1403 1338 alteri
1419 1277 1491 1356 (Il),
1516 1296 1598 1353 quae

371 1379 496 1455 legatur
513 1379 599 1454 apud
619 1378 829 1439 Scholiastam
848 1379 906 1454 l.l.,
931 1378 1064 1438 Suidam
1083 1396 1113 1437 v.
1134 1373 1278 1455 Ποικίλη,
1300 1377 1469 1436 Aristidem
1483 1377 1516 1435 in
1530 1377 1599 1436 loco

375 1474 455 1553 §55
478 1479 611 1536 tractato

528 1572 687 1654 Ἑλλήνων
707 1578 947 1653 προμαχοῦντες
963 1572 1127 1652 Ἀθηναῖοι
1148 1569 1335 1650 Μαραθῶνι

452 1723 634 1785 ἔκτειναν
655 1719 785 1802 Μήδων
806 1689 837 1829 Ξ.
855 1671 985 1829 Ξέἔὲζι
1004 1669 1142 1845 igal&
1162 1765 1278 1844 said.)
1296 1721 1486 1802 μυριάδας
1501 1769 1530 1783 ..
1552 1725 1596 1799 ΙΙ,

373 1867 517 1941 quaestio
547 1870 654 1926 tamen
684 1871 749 1944 est,
784 1870 893 1927 utrum
926 1869 1028 1926 forma
1057 1867 1090 1925 II
1113 1884 1135 1926 α
1162 1884 1204 1925 αα
1233 1865 1309 1926 ΙΙδ
1337 1866 1537 1926 traditionem
1567 1867 1599 1924 II

373 1966 546 2041 genuinam
564 1967 712 2041 praestet.
739 1967 819 2026 Cum
838 1967 932 2026 ceteri
952 1967 1011 2024 viri
1029 1965 1111 2025 docti
1129 1982 1240 2024 omnes
1255 1962 1311 2040 31),
1333 1981 1415 2039 quos
1432 1965 1492 2024 hae
1509 1965 1549 2024 de
1567 1981 1600 2022 re

374 2063 542 2138 scripsisse
560 2064 720 2138 noverim,
742 2067 810 2122 tum
829 2061 980 2140 Hiler32)
998 2063 1191 2122 Aristideum
1210 2079 1380 2121 numerum
1398 2059 1486 2122 ἐννέα
1504 2060 1551 2138 (ΙΙ
1564 2060 1598 2138 α)

374 2162 459 2237 apud
491 2162 701 2222 Scholiastam
730 2164 826 2238 atque
854 2161 986 2222 suidam
1015 2159 1117 2238 (Hb)
1141 2161 1174 2219 in
1196 2160 1300 2219 maius
1324 2157 1447 2237 (εἴκοσι)
1471 2162 1600 2220 auctum

373 2277 444 2319 esse
465 2260 737 2319 existimaverunt.
768 2260 861 2328 Quod
882 2262 989 2318 autem
1010 2259 1117 2335 leoti0,
1142 2275 1225 2333 quae
1246 2258 1398 2317 mendosa
1421 2258 1597 2333 videbatur,

376 2356 573 2416 Scholiastae
600 2375 673 2416 cum
699 2357 798 2417 Suida
820 2357 999 2416 communis
1020 2360 1085 2432 est,
1116 2357 1218 2415 Hiller
1239 2374 1279 2415 ex
1299 2374 1336 2415 eo
1357 2356 1514 2432 explicare
1536 2359 1600 2415 stu·

374 2453 460 2530 duit,
491 2455 577 2529 quod
604 2456 655 2514 ille
675 2456 708 2514 in
729 2457 995 2532 epigrammatum
1018 2456 1199 2516 collectione
1222 2453 1308 2531 (Cor.
1333 2453 1439 2530 Mel),
1470 2455 1538 2530 hic,
1568 2455 1600 2513 in

375 2553 558 2627 Cephalana
593 2553 782 2630 Anthologia
819 2553 871 2630 (of.
909 2553 927 2632 ξ
962 2552 1032 2630 111)
1066 2554 1262 2630 epigramma
1293 2553 1468 2612 invenisset
1502 2550 1600 2628 (quod

375 2652 484 2724 postea
506 2650 538 2708 in
561 2651 656 2710 Anth.
682 2652 825 2712 Palatina
847 2650 1041 2728 excidisset).

415 2748 456 2805 Et
484 2749 553 2807 aliis
581 2749 620 2808 de
641 2751 747 2809 causis
768 2752 846 2811 haec
867 2750 1102 2828 argumentatio
1124 2750 1281 2809 reicienda
1303 2749 1380 2808 mihi
1401 2749 1542 2825 videtur,
1572 2751 1602 2807 et

377 2846 463 2920 quod
485 2848 646 2924 equidem,
672 2865 745 2908 cum
765 2849 976 2925 inquirerem,
1001 2851 1079 2924 quot
1100 2849 1217 2907 Persas
1238 2866 1367 2925 pugnae
1384 2847 1602 2908 Marathoniae

376 2943 561 3004 interfuisse
581 2946 722 3007 historici
745 2949 916 3024 scriptores
937 2947 1144 3007 tradidissent
1165 2948 1307 3022 quotque
1327 2947 1360 3005 in
1381 2963 1418 3006 ea
1433 2945 1599 3019 cecidisse,

377 3108 537 3116 ———

374 3204 462 3253 Melet.
489 3203 532 3254 Gr.
560 3207 578 3254 l.
606 3222 629 3269 p.
647 3205 690 3269 11],
715 3203 804 3271 ἕτερον
828 3205 866 3262 εἰς
890 3203 1058 3271 Ἀθηναίους·
1084 3223 1149 3271 seq.
1173 3223 1218 3270 ep.
1242 3206 1288 3256 90.
1316 3205 1444 3270 Apertum
1464 3223 1522 3257 esse
1541 3213 1602 3272 puto

375 3290 492 3339 scholion
511 3290 633 3353 primitus
651 3297 757 3341 tantum
775 3293 937 3343 continuisse
955 3307 1046 3341 versus
1064 3293 1091 3341 in
1110 3293 1237 3341 Periclem
1257 3289 1304 3354 (sic
1321 3293 1348 3341 in
1366 3292 1421 3342 cod.
1440 3290 1485 3354 B),
1507 3294 1603 3356 quibus

376 3389 466 3423 versus
489 3375 516 3423 in
540 3374 716 3426 Athenienses
740 3377 766 3426 in
790 3378 846 3427 cod.
872 3378 928 3426 Par.
948 3378 968 3426 D
987 3377 1152 3426 accesserint.
1179 3377 1221 3426 Sic
1239 3392 1346 3440 quoque
1364 3377 1487 3439 explicari
1506 3381 1603 3440 potest,

375 3458 445 3522 quod
477 3473 566 3508 versus
596 3460 623 3509 in
653 3461 780 3512 Periclem
808 3465 856 3525 toti
881 3462 994 3512 orationi
1021 3463 1231 3524 praemittuntur
1256 3462 1282 3510 in
1310 3461 1442 3510 codicibus
1460 3462 1602 3530 nonnullis

375 3543 428 3607 Eg.
454 3543 482 3592 in
508 3544 564 3592 cod.
590 3544 711 3595 Leidensi
737 3547 829 3608 (Periz.
854 3546 881 3596 F.
906 3544 963 3609 111),
989 3560 1069 3610 quem
1093 3546 1148 3609 ipse
1172 3546 1286 3609 inspexi;
1312 3560 1381 3609 quae
1404 3546 1500 3610 pagina
1525 3547 1603 3596 huius

375 3627 469 3677 codicis
492 3626 563 3689 (151))
588 3627 670 3680 vacua
694 3635 735 3680 est
756 3630 848 3680 relicta
866 3631 937 3680 inter
955 3630 1035 3680 finem
1054 3631 1217 3680 Scholiorum
1237 3631 1264 3680 in
1283 3631 1393 3680 Parrath.
1411 3629 1449 3691 (in
1469 3645 1526 3695 pag.
1543 3629 1603 3692 119)

375 3717 456 3776 atque
479 3712 586 3765 initium
610 3713 775 3764 Scholiorum
799 3715 825 3762 in
850 3729 887 3763 or.
911 3714 943 3762 de
966 3713 998 3762 lv
1025 3715 1084 3763 viris
1108 3714 1147 3776 (in
1170 3729 1227 3779 pag.
1245 3713 1319 3778 151),
1343 3729 1375 3764 ea
1393 3714 1480 3763 media
1497 3719 1602 3764 tantum

375 3798 494 3846 continet
511 3812 602 3848 versus
619 3799 646 3846 in
665 3799 791 3848 Periclem
810 3813 871 3847 curn
889 3798 975 3847 titulo.
1004 3799 1049 3847 Hie
1068 3799 1164 3848 titulus
1181 3800 1284 3848 omissis
1302 3799 1420 3849 versibus
1438 3799 1548 3849 relictus
1564 3803 1604 3848 est

376 3883 402 3930 in
421 3881 497 3930 initio
514 3883 641 3932 orationis
659 3884 685 3932 in
704 3884 759 3932 cod.
778 3883 807 3931 D.

408 3964 443 4027 30)
479 3965 526 4015 Vix
550 3968 660 4018 lectores
685 3969 809 4017 monendi
832 3971 896 4016 sunt
913 3967 1057 4030 distichon,
1081 3971 1160 4031 quale
1179 3968 1336 4031 praebeatur
1352 3969 1379 4017 in
1398 3969 1483 4018 forma
1501 3970 1526 4032 l,
1549 3970 1603 4032 epi·

375 4065 496 4114 gramma
513 4067 566 4100 non
584 4066 648 4102 esse.
676 4053 732 4103 Vid.
751 4057 888 4116 praeterea
905 4053 932 4100 in
951 4053 1034 4102 alteru
1053 4053 1132 4102 huius
1150 4054 1381 4103 commentationis
1399 4059 1481 4116 parte.

409 4133 444 4197 31)
479 4136 578 4200 Bergk,
602 4137 691 4200 Preg,
717 4138 814 4199 Ηττον,
839 4137 1017 4186 Reitzenstein
1041 4152 1064 4199 p.
1083 4136 1139 4187 113.
1165 4163 1197 4172 -
1222 4139 1340 4188 iacobsio
1358 4137 1427 4202 (app.
1444 4137 1506 4200 167)
1524 4144 1603 4203 atque

375 4218 575 4269 Schneidewino
600 4220 677 4270 lectio
703 4218 788 4270 εἴκοσι
814 4222 905 4285 ignota
931 4226 1003 4283 erat;
1037 4220 1159 4271 Scholion
1187 4223 1348 4272 Aristideurn
1378 4223 1602 4273 Frommelianum

376 4304 478 4352 novisse
502 4319 553 4353 non
578 4309 735 4368 potuerunt,
762 4305 887 4356 Suideam
911 4308 1024 4370 glossam
1049 4305 1130 4370 (quae
1154 4307 1235 4356 etiam
1259 4308 1333 4357 deest
1355 4307 1424 4370 apud
1449 4305 1601 4372 Bergidum)

377 4388 618 4452 praetermiserant.
1227 4417 1229 4420 ·

408 4472 444 4535 32)
479 4474 561 4524 Hiller
587 4490 610 4537 p.
634 4472 699 4522 229:
726 4470 784 4522 ‘von
802 4474 959 4524 besonderer
978 4475 1151 4539 Wiehtigleit
1168 4476 1212 4524 fiir
1229 4476 1270 4525 die
1289 4475 1382 4534 Quelle
1400 4477 1447 4525 der
1464 4477 1602 4528 Aristides-

367 4557 498 4607 'Scholien
516 4559 551 4607 ist
569 4558 668 4608 hierhei
687 4559 733 4607 der
752 4558 898 4622 Umstand,
922 4560 983 4609 dass
1000 4560 1041 4608 die
1059 4562 1246 4609 entstellte
1265 4561 1357 4614 Lesart
1373 4558 1459 4610 εἴκοσι
1477 4567 1543 4612 statt
1559 4562 1603 4610 des

376 4643 418 4692 bei
435 4643 563 4693 Aristides
580 4643 662 4692 selbst
679 4643 826 4704 stehenden
843 4639 918 4693 ἐννέα
936 4645 995 4693 dem
1014 4643 1178 4694 Scholiasten
1195 4646 1249 4693 und
1266 4644 1361 4695 Suidas
1375 4647 1538 4710 gemeinsam
1555 4646 1603 4696 ist'.

377 4726 437 4790 Pag.
454 4725 505 4776 230
531 4742 556 4777 n.
574 4725 602 4777 3:
629 4726 697 4777 ‘dass
725 4729 884 4792 umgehehrt
909 4726 993 4778 εἴκοσι
1020 4730 1047 4778 in
1073 4724 1147 4778 ἐννέα
1173 4730 1303 4794 geiindcrt
1328 4732 1434 4784 worden
1456 4732 1513 4796 sei,
1541 4730 1601 4781 wird

376 4812 529 4862 schweriich
546 4813 654 4876 jemand
673 4814 825 4864 annehmen
844 4814 954 4865 wollen'.
