3546 5724
421 507 496 589 Cap.
522 507 565 574 ῙῙ.
1011 509 1048 576 52

417 702 647 778 epigrammata
679 701 880 762 Corinthiaco
913 701 981 779 (96,
1016 703 1069 778 97,
1105 703 1178 779 134,
1213 702 1277 780 98),
1298 703 1408 780 petivit
1437 707 1636 768 Plutarchus,

419 799 563 875 Sumpsit
581 801 641 859 hoc
657 801 871 860 Wilamowitz.
896 802 1041 860 Attamen
1061 802 1111 860 vel
1129 819 1168 860 ex
1186 819 1222 861 91
1241 819 1275 861 19
1293 806 1417 863 constat
1435 805 1638 865 Plutarchum

417 916 481 958 non
508 899 541 956 in
570 900 679 958 eodem
707 899 794 959 10119
821 903 973 974 quattuor
1001 900 1053 958 illa
1080 901 1310 976 epigrammata
1338 903 1500 962 invenisse
1523 906 1556 963 in
1579 923 1639 982 quo

416 998 654 1073 epigrammatis
676 997 733 1056 137
754 997 955 1056 traditionem
977 996 1214 1074 recentiorem,
1239 999 1326 1073 quod
1343 1000 1470 1060 illorum
1485 1003 1638 1079 epigram·

416 1099 537 1154 matum
558 1096 688 1170 praebet
709 1095 910 1154 traditionem
932 1096 1143 1170 antiquiorem
1167 1095 1400 1174 (anonymam).
1438 1099 1638 1175 Quamquam

415 1194 530 1253 borum
562 1210 690 1267 quoque
720 1193 987 1268 epigrammatum
1019 1194 1174 1252 recentior
1205 1195 1333 1254 traditio
1367 1194 1579 1273 (Simonidea)
1611 1203 1638 1257 91

414 1291 542 1350 extabat
573 1294 603 1349 et
634 1291 674 1350 ad
703 1308 762 1350 nos
790 1292 934 1366 pervenit
954 1289 1005 1367 20).
1041 1292 1307 1351 constituendum
1329 1293 1495 1369 igiturest
1517 1296 1637 1355 Plutar-

415 1391 509 1448 chum
540 1389 573 1447 in
604 1389 842 1464 epigrammatis
876 1389 1048 1449 Corinthiis
1079 1389 1250 1448 laudandis
1283 1391 1411 1451 duobus
1442 1410 1539 1451 usum
1571 1412 1638 1454 esse

414 1487 576 1561 fontibus,
614 1505 752 1562 quorum
784 1487 879 1562 alter,
917 1488 972 1561 qui
1003 1488 1097 1547 unice
1126 1488 1322 1564 epigramma
1355 1489 1412 1548 137
1444 1491 1634 1567 contineret,

415 1586 618 1646 recentiorem
652 1583 724 1661 (S),
765 1586 860 1660 alter,
901 1603 940 1643 ex
978 1603 1043 1660 quo
1080 1588 1233 1659 quattuor
1269 1587 1371 1645 cetera
1410 1588 1636 1664 epigrammata

414 1684 591 1744 Corinthia
606 1684 794 1759 accepisset,
825 1684 1037 1758 antiquiorem
1067 1681 1119 1759 (A)
1150 1687 1403 1758 repraesentaret
1424 1685 1633 1746 traditionem.

413 1782 509 1841 Hunc
530 1783 650 1841 fontem
670 1781 773 1840 littera
794 1781 966 1857 insigniam
987 1782 1014 1839 Y
1035 1779 1086 1857 21).

413 1953 416 1960 ¹
453 1880 542 1948 Quae
563 1882 668 1939 autem
690 1896 742 1938 res
763 1878 893 1937 retinuit
915 1879 1002 1937 viros
1023 1880 1149 1954 doctos,
1173 1879 1347 1953 quominus
1364 1881 1446 1939 duos
1462 1898 1636 1958 usurpasse

413 1979 621 2038 Plutarchum
648 1978 753 2037 tontes
780 1976 925 2036 diversos
951 1980 1176 2053 agnoscerent,
1208 1995 1244 2036 ea
1266 1981 1314 2036 est
1336 1981 1422 2054 arta,
1453 1997 1536 2054 quae
1555 1981 1636 2040 inter

412 2081 563 2152 quattuor
584 2077 814 2152 epigrammata
835 2077 865 2134 et
886 2074 972 2149 quod
993 2092 1029 2134 ea
1052 2075 1196 2149 sequitur
1214 2077 1363 2150 quintum
1380 2077 1536 2136 interesse
1553 2079 1635 2137 vide-

410 2179 465 2236 tur
492 2175 702 2235 necessitudo.
737 2174 875 2232 Tantum
903 2175 1009 2232 autem
1037 2174 1143 2248 abest,
1178 2177 1213 2231 ut
1241 2174 1388 2248 equidem
1416 2176 1559 2250 quinque
1586 2178 1635 2236 illa

411 2274 640 2349 epigrammata
664 2271 770 2330 divelli
792 2287 886 2345 posse
908 2271 1094 2347 concedam,
1126 2275 1162 2330 ut
1182 2272 1308 2330 nullum
1329 2273 1516 2348 scriptorem
1537 2275 1636 2334 fuisse

411 2375 535 2447 putem,
560 2370 615 2444 qui
637 2371 789 2443 quattuor
810 2369 1038 2444 epigrammata
1061 2370 1223 2444 proderet,
1249 2371 1352 2444 quinti
1374 2372 1480 2430 autem
1496 2374 1635 2447 —quod

410 2471 572 2545 praeterea
601 2467 700 2524 multo
728 2468 776 2524 est
803 2466 935 2542 gravius
957 2484 1054 2541 quam
1075 2485 1124 2542 cp.
1151 2466 1267 2544 13412)
1291 2499 1345 2544 -,
1378 2469 1498 2528 nullam
1520 2469 1636 2529 faceret

410 2568 611 2626 mentionem.
637 2565 717 2623 Inde
738 2567 844 2624 autem
866 2582 930 2624 non
950 2567 999 2624 est
1017 2566 1271 2625 concludendum
1289 2567 1513 2643 Plutarchum,
1538 2585 1635 2642 quarn

410 2663 648 2741 epigrammatis
665 2662 721 2721 137
736 2662 886 2738 praebeat
899 2663 1119 2739 traditionem,
1136 2681 1207 2723 eam
1221 2665 1384 2725 invenisse
1398 2666 1484 2741 apud
1499 2667 1635 2725 eundern

410 2764 616 2838 scriptorem,
650 2761 700 2819 cui
728 2761 840 2820 debeat
868 2764 1019 2835 quattuor
1047 2762 1275 2837 epigrammata
1304 2764 1544 2838 praecedentia,
1580 2764 1634 2822 sed

409 2862 495 2920 hunc
516 2861 703 2935 scriptorem
724 2861 849 2935 practer
870 2862 1023 2934 quattuor
1043 2859 1096 2918 illa
1118 2877 1246 2934 quoque
1266 2860 1450 2920 exhibuisse
1465 2862 1631 2937 quintum,

408 2961 440 3018 at
461 2959 510 3033 id,
541 2962 576 3017 ut
597 2960 716 3032 cetera,
746 2955 784 3016 in
807 2954 999 3017 traditione
1020 2953 1221 3034 antiquiore
1242 2974 1421 3035 anonyma
1443 2957 1507 3037 (A).
1542 2960 1635 3019 Hanc

408 3054 646 3132 epigrammatis
674 3053 730 3112 137
751 3054 893 3113 extitisse
914 3054 1116 3112 traditionem
1137 3056 1234 3128 atque
1254 3055 1412 3129 proditam
1434 3056 1535 3115 fuisse
1556 3056 1633 3116 didi·

299 3187 304 3199 ,
407 3153 509 3212 cimus
530 3170 569 3211 ex
592 3151 718 3210 Scholia
741 3150 918 3210 Pindarico.

447 3252 560 3326 Itaque
591 3250 739 3323 quintum
770 3249 966 3325 epigramma
995 3249 1166 3308 Plutarcho
1194 3250 1280 3325 apud
1308 3251 1428 3310 iontem
1456 3254 1633 3326 utrumque

409 3351 449 3425 (Y
481 3352 510 3408 91
545 3347 585 3425 X)
620 3352 747 3424 praesto
777 3351 864 3423 erat,
903 3348 935 3406 in
968 3348 1027 3407 hac
1058 3345 1163 3408 autem
1195 3349 1227 3407 in
1259 3350 1429 3409 traditione
1460 3351 1633 3410 recentiore

408 3448 589 3508 Simonidea
620 3445 691 3523 (S),
722 3447 753 3504 in
783 3447 835 3504 illa
863 3447 896 3504 in
925 3447 1104 3520 antiquiore
1130 3464 1291 3522 anonyma
1321 3445 1385 3523 (A).
1421 3448 1480 3508 Oui
1508 3449 1633 3523 quade

406 3563 503 3605 causa
524 3547 655 3604 alteram
677 3544 862 3620 praetulerit
883 3544 974 3602 facile
995 3545 1196 3619 perspicitur.
1222 3546 1305 3605 Huic
1323 3545 1407 3604 enim
1426 3546 1547 3606 adiecta
1564 3550 1633 3606 erat

405 3643 578 3702 auctoritas
596 3639 807 3716 Simonidis,
832 3642 887 3716 qui
905 3643 995 3700 testis
1012 3642 1152 3717 locuples
1173 3643 1325 3702 Herodoti
1344 3644 1527 3703 refutationi
1544 3645 1633 3704 haud

405 3759 520 3816 parum
554 3740 757 3800 inserviebat.
803 3727 1006 3815 Quantopere
1040 3742 1248 3800 Plutarchum
1280 3741 1415 3816 iuverit,
1454 3744 1540 3815 quod
1572 3745 1633 3804 hoc

405 3841 600 3917 epigramma
628 3841 788 3900 instruere
815 3843 923 3914 posset
951 3843 1061 3914 poetae
1088 3841 1290 3916 auctoritate,
1325 3859 1388 3915 qua
1417 3841 1449 3899 in
1478 3845 1633 3915 quattuor

404 3939 666 4014 praecedentibus
694 3941 830 4013 careret,
863 3939 937 3997 inde
964 3941 1096 4013 apparet
1123 3973 1161 3978 -—
1191 3939 1217 3997 si
1239 3942 1323 3997 recte
1343 3939 1408 3998 vidi
1431 3973 1468 3981 -
1489 3940 1577 4014 quod
1598 3941 1631 3998 in

404 4036 605 4095 enarratione
639 4037 859 4113 epigrammati
897 4036 1079 4095 Simonideo
1114 4037 1290 4111 praemissa
1325 4037 1366 4095 ad
1404 4037 1632 4097 Simonidis

404 4135 559 4210 hymnum
588 4135 620 4192 in
649 4152 718 4194 eam
748 4135 850 4210 ipsam
878 4152 1021 4210 pugnam
1043 4135 1184 4193 alludere
1206 4135 1348 4209 videtur,
1378 4137 1411 4193 in
1434 4153 1497 4209 qua
1520 4137 1654 4226 Corin-t

404 4307 562 4315 ——-

435 4409 470 4472 71))
505 4409 819 4474 ot.§§34,38et138.

434 4495 470 4556 21)
505 4496 530 4545 Si
549 4497 609 4559 quis
625 4501 702 4560 putat
717 4512 800 4546 unum
817 4502 922 4546 tantum
939 4498 1038 4546 iontem
1055 4497 1206 4546 adhibuisse
1223 4497 1410 4559 Plutarchum,
1428 4498 1451 4546 ei
1467 4499 1630 4547 sumendum

401 4582 452 4630 erit
469 4582 546 4630 illurn
565 4581 699 4630 Plutarchi
717 4587 851 4631 auctorem
871 4597 949 4631 usum
968 4597 1025 4630 csse
1043 4582 1145 4630 duobus
1163 4582 1346 4645 scriptoribus,
1364 4584 1457 4645 quales
1476 4582 1557 4630 luisse
1576 4583 1630 4630 dixi

402 4666 620 4716 mmxml

434 4748 469 4810 22)
504 4751 668 4799 Privatcrum
693 4751 763 4802 euim
789 4752 889 4801 donarii
912 4752 1110 4814 inscriptionem
1135 4751 1264 4814 (911131)
1288 4753 1333 4815 qui
1358 4752 1516 4800 documento
1534 4753 1629 4802 alterc-

402 4835 478 4897 baut,
504 4835 635 4899 publicam
654 4837 845 4885 dedicationem
864 4838 982 4886 omisisse
1001 4851 1052 4885 non
1072 4838 1204 4886 videntur.
