3572 5716
361 531 437 615 Cap.
462 530 530 614 111,
554 533 609 614 25,
634 533 682 596 26.
945 534 1001 597 196

609 733 658 794 25.
703 745 825 792 conss.
850 745 913 792 vn.
939 745 1332 793 roarnraooannnrus.

402 919 512 999 §114
558 919 610 982 De
638 918 783 981 tentibus
811 918 956 980 diversis
983 918 1251 997 σμίρνσννιυισίίε
1278 918 1347 980 185
1368 919 1398 980 δ.
1443 921 1587 996 Porphy-

360 1021 555 1094 rogennetus
586 1018 625 1076 de
653 1018 737 1077 adm.
765 1018 841 1092 imp.
870 1035 901 1092 p.
930 1017 969 1077 99
1000 1015 1117 1094 (Βοαα.
1147 1018 1209 1077 vol.
1239 1016 1303 1094 111)
1333 1019 1463 1077 enarrat
1490 1035 1587 1077 casus

360 1116 484 1175 Colossi
504 1115 619 1175 Rhodii
640 1117 929 1189 commemoratque
949 1115 1228 1191 epigrammatium
1251 1114 1344 1191 (Sim.
1361 1114 1417 1174 185
1429 1113 1475 1191 b),
1499 1116 1587 1188 quod

359 1213 520 1288 integrum
548 1213 704 1272 habemus
732 1213 818 1288 apud
848 1212 1037 1272 Strabonem
1065 1213 1147 1270 XIV.
1177 1212 1205 1270 2.
1234 1214 1253 1272 5
1280 1230 1310 1287 p.
1335 1212 1411 1287 652,
1442 1213 1475 1271 in
1496 1214 1586 1272 textu

358 1310 487 1369 duobus
507 1309 584 1369 locis
605 1313 756 1385 corrupto
779 1307 920 1387 (ὀκτάκις
940 1327 999 1385 pro
1020 1307 1162 1385 ἑπτάκις,
1187 1310 1226 1369 ef.
1246 1311 1326 1369 Plin.
1346 1311 1387 1369 H.
1406 1311 1444 1369 N.
1463 1311 1511 1370 34.
1533 1310 1585 1370 18:

362 1406 597 1485 ‘septuaginta
628 1408 808 1467 cubitorum
839 1407 1016 1467 altitudinis
1047 1406 1130 1483 iuit’,
1164 1411 1195 1469 et
1226 1405 1339 1487 Λάχης
1366 1426 1425 1484 pro
1453 1410 1586 1468 artificis

359 1507 487 1565 nomine
508 1503 646 1584 Χάρης).
671 1507 760 1565 Idem
782 1509 888 1566 autem
910 1507 1081 1581 corruptus
1101 1509 1209 1565 textus
1230 1507 1311 1565 redit
1331 1507 1364 1564 in
1386 1507 1480 1566 Anth.
1493 1507 1583 1566 Plan.

359 1605 425 1664 IV2.
446 1605 475 1664 6.
496 1606 515 1664 4
538 1603 624 1682 (app.
647 1604 736 1663 Plan.
757 1602 810 1679 82)
833 1601 968 1663 adiecto
990 1601 1186 1664 Simonidis
1206 1601 1356 1665 comice.
1381 1604 1586 1679 Quamquam

358 1703 654 1779 Porphyrogenneti
682 1703 801 1760 iontem
830 1702 971 1761 indicare
998 1719 1063 1760 non
1092 1719 1242 1777 possum,
1273 1703 1333 1761 hoc
1358 1702 1435 1761 mihi
1461 1704 1586 1762 constat

361 1800 576 1861 Simonideam
607 1801 825 1860 auctoritatem
858 1799 970 1858 infima
1000 1800 1129 1858 demum
1158 1801 1259 1859 aetate
1287 1800 1469 1859 accessisse.
1503 1802 1584 1860 Nam

358 1901 413 1958 aut
434 1916 482 1973 ep.
504 1899 537 1957 in
560 1898 632 1958 Gor.
653 1897 829 1973 Meleagrea
848 1897 982 1956 affuisse
999 1898 1195 1956 censendum
1213 1899 1262 1956 est
1279 1900 1375 1972 atque
1392 1915 1431 1957 ex
1449 1915 1485 1957 aa
1503 1899 1584 1957 etin

358 1997 475 2072 Porph.
500 1998 530 2055 et
555 1996 588 2054 in
616 1996 705 2054 Plan.
730 1996 943 2070 propagatum
964 2011 1050 2070 esse,
1080 1997 1135 2054 aut
1157 1994 1317 2054 Planudes
1338 2013 1387 2070 ep.
1408 1997 1524 2055 hausto
1545 2013 1585 2054 ex

358 2096 475 2170 Porph.
503 2112 612 2154 errore
640 2094 711 2168 tali,
743 2093 870 2167 qualem
898 2093 1055 2152 commisit
1082 2111 1143 2168 eg.
1174 2094 1207 2151 in
1235 2111 1284 2168 ep.
1313 2095 1493 2170 Antagorae
1518 2095 1581 2154 ΑΡ.

358 2193 412 2251 ΙΧ.
439 2192 496 2252 147
526 2190 561 2269 (ἓ
586 2192 642 2252 105
668 2192 733 2251 tab.
758 2210 790 2250 n.
814 2190 884 2268 49),
918 2191 1134 2251 Simonideam
1154 2192 1375 2251 auctoritatem
1396 2193 1585 2267 ascripsisse

357 2291 493 2350 videtur.
527 2290 613 2349 Alter
642 2290 777 2365 scriptor
806 2289 1022 2365 Byzantium,
1053 2291 1109 2364 qui
1137 2290 1232 2348 etiam
1260 2290 1293 2348 in
1322 2292 1473 2364 corrupto
1494 2291 1583 2348 textu

356 2391 453 2463 atque
473 2405 671 2463 anonymum
688 2405 736 2462 ep.
754 2386 899 2462 praebet,
922 2387 1086 2447 (ledrenus
1103 2385 1220 2464 (Bonn.
1236 2387 1251 2444 I
1267 2405 1297 2462 p.
1314 2388 1385 2462 755,
1402 2387 1442 2446 ci.
1459 2384 1478 2464 ᾖ
1493 2383 1580 2462 119),

356 2486 397 2544 ad
419 2487 760 2561 Porphyrogennetum
782 2486 908 2544 videtur
929 2503 1102 2544 recurrere.
1127 2485 1241 2560 Itaque
1261 2486 1343 2545 inter
1364 2486 1486 2543 textum
1508 2501 1584 2544 ano-

357 2601 490 2658 nymum
520 2583 770 2643 Strabonianum
795 2586 827 2642 et
848 2586 969 2643 textum
991 2583 1032 2642 ab
1052 2601 1089 2641 eo
1110 2583 1274 2641 diversum
1296 2582 1496 2641 Planudeum
1518 2599 1583 2640 non

356 2682 442 2739 extat
469 2681 611 2739 condicio
631 2681 657 2738 A
679 2702 708 2732 ω
733 2680 773 2755 S,
804 2697 901 2754 quam
922 2680 956 2738 in
978 2680 1075 2739 huius
1096 2680 1335 2756 epigrammatis
1356 2680 1583 2739 traditionibus

356 2795 420 2836 non
442 2777 585 2837 obtinere
605 2778 668 2836 iam
689 2780 797 2836 monet
817 2777 886 2837 eius
908 2780 1144 2854 argumentum.

836 2982 884 3042 26.
929 2994 1092 3041 rzarzns.

397 3167 507 3246 5115.
553 3168 604 3229 De
631 3167 897 3247 ορίηνσυινιισίίε
924 3167 1023 3244 apud
1052 3166 1202 3228 Τεοίεσιη
1231 3167 1350 3228 obviis,
1395 3170 1581 3229 Lectoribus

355 3271 482 3344 gratum
519 3285 568 3326 me
601 3268 762 3327 iacturum
796 3284 891 3342 spero
922 3267 1052 3326 Tzetzae
1086 3267 1251 3325 historiam
1286 3264 1358 3344 περὶ
1388 3270 1452 3327 τῶν
1483 3270 1582 3328 νικῶν

355 3363 540 3444 Σιμωνίδου
563 3365 655 3442 (chii.
677 3366 702 3424 1.
723 3367 771 3425 24.
794 3362 964 3440 619-639)
986 3367 1085 3424 totam
1106 3365 1347 3424 describentem.
1375 3365 1492 3424 Scholii
1514 3366 1582 3426 vice

353 3464 501 3540 iungitur
526 3465 566 3524 ad
592 3465 743 3539 epistolae
768 3461 861 3540 (Chii.
886 3465 939 3522 IV.
963 3462 1022 3522 468
1044 3460 1129 3539 sqq.)
1156 3463 1197 3522 ad
1217 3464 1377 3523 Joannem
1398 3465 1582 3524 Lachanam

354 3562 596 3638 grammaticum
612 3563 705 3622 datae
720 3578 849 3620 versum
863 3561 979 3622 487¹¹¹¹¹2
995 3558 1013 3620 ὁ
1027 3557 1212 3639 Σιμωνίδης
1225 3558 1325 3627 νίκαις
1340 3559 1375 3620 δὲ
1388 3560 1581 3640 πεντήκοντα

353 3657 407 3720 καὶ
427 3659 516 3720 πέντε
538 3677 581 3719 sc.
605 3657 759 3736 ἡβρύνετο
780 3657 830 3716 vel
852 3655 989 3734 ἒγαυρία.

433 3755 472 3836 ἦν
493 3755 679 3836 Σιμωνίδης
699 3753 824 3834 Σάμιος
844 3751 912 3822 υἱὸς
933 3753 952 3815 ὁ
973 3758 1027 3815 τοῦ
1044 3753 1214 3833 Ἀμόργου.

354 3857 412 3916 620
433 3851 526 3924 οὗτος
547 3853 613 3916 δ’ὁ
634 3851 875 3930 Λεωπρέπεως,
898 3851 916 3912 ὁ
937 3849 1032 3919 Κεῖος
1052 3850 1252 3931 Σιμωνίδης,

434 3951 472 4032 ἢν
492 3953 605 4033 πένης,
627 3951 693 4012 ἀλλ’
711 3950 909 4032 εὐχάριστος,
931 3949 978 4011 ἀεὶ
999 3954 1097 4012 νικῶν
1117 3950 1255 4030 ποιήσει,

433 4049 542 4129 ὥσπερ
564 4048 690 4117 Κοννᾶς
712 4051 763 4127 (oi.
781 4051 834 4108 Ar.
852 4051 911 4125 Eq.
930 4047 1000 4126 534)
1023 4047 1041 4109 ὁ
1063 4047 1199 4128 αὐλητὴς
1220 4047 1238 4108 ὁ
1259 4046 1495 4128 δλυμπιονίκης.

428 4146 657 4228 Ἀριστοφάνης
678 4147 763 4225 (Pae.
782 4147 840 4207 698
863 4145 926 4223 sq.)
949 4145 1107 4225 κωμῳδεῖ
1124 4146 1232 4207 πενίαν
1252 4143 1453 4224 Σιμωνίδου·

433 4244 451 4305 ὁ
478 4244 508 4306 δ’
527 4243 716 4323 Ἀριστείδης
738 4243 861 4323 (Sokol.
882 4246 935 4304 Ar.
957 4246 1013 4304 201
1037 4247 1103 4322 Fr„
1128 4246 1186 4305 533
1209 4244 1260 4321 D.)
1284 4242 1442 4324 γέγραφεν
1463 4241 1581 4322 ἀνδρὸς

1363 4363 1580 4421 ,ευχαριστιαν

353 4444 410 4503 625
431 4442 538 4504 πλέων
559 4441 637 4522 φησὶ
659 4440 719 4520 γὰρ
741 4440 759 4502 ὁ
780 4435 863 4521 ἀνὴρ
883 4440 1006 4521 ἄταφον
1026 4436 1099 4518 εὗρε
1119 4439 1227 4511 νέκυν,

433 4539 529 4618 ὅνπερ
550 4540 682 4619 τιμήσας
702 4538 833 4618 ἔδαψεν.
869 4539 948 4618 ὄναρ
970 4537 1080 4619 φανεὶς
1101 4536 1168 4599 δ’ὁ
1189 4538 1282 4606 νέκυς

431 4637 526 4716 λέγει,
547 4637 592 4717 μὴ
615 4636 766 4717 πλεύσης,
788 4637 950 4716 δίνδρωπε.
981 4640 1106 4698 ναυτῶν
1128 4635 1162 4697 δὲ
1182 4636 1228 4716 μὴ
1250 4635 1458 4706 πεισθέντων,

431 4735 531 4813 μόνος
552 4734 570 4796 ὁ
591 4733 776 4814 Σιμωνίδης
795 4734 854 4813 μὲν
875 4733 1042 4814 συμπλέειν
1064 4733 1249 4814 ἀπελείφθη.

432 4833 462 4894 οῖ
483 4832 517 4894 δὲ
538 4832 650 4901 πάντες
671 4832 837 4894 ἀπώλοντο
857 4832 1001 4914 τυχόντες
1022 4832 1180 4912 ναυαγίας.
