3546 5724
796 513 832 572 41
1022 585 1025 590 ,
1255 509 1352 588 522,
1376 510 1424 570 aa.

203 704 230 762 si
256 721 409 777 umquam
438 703 625 762 concinnata
654 719 724 761 esse
746 702 814 760 visa
835 701 911 776 erit,
943 718 1007 759 non
1030 699 1222 759 simillimam
1243 699 1341 774 priori
1363 716 1426 757 non

202 802 302 860 fuisse
322 801 559 860 concedendurn
580 800 654 874 erit;
677 816 796 875 neque,
820 800 948 874 opinor,
972 798 1005 856 id
1026 798 1108 873 fugit
1126 797 1303 857 Kaibelium
1321 797 1427 873 ipsum

203 900 391 959 scribentem
409 899 501 959 GGA.
521 898 598 958 1892
617 916 647 974 p.
666 898 719 958 97:
745 897 805 956 ‘die
819 897 926 956 zweite
939 897 1088 972 Ausgabe
1102 897 1225 954 musste
1238 895 1282 953 im
1296 897 1428 954 wesent·

202 997 301 1056 lichen
331 997 388 1056 mit
415 996 471 1056 der
493 1000 599 1055 ersten
622 996 777 1055 identisch
800 993 891 1055 sein'.
926 996 1009 1053 Tum
1030 1012 1106 1053 vero
1127 995 1260 1053 alteram
1283 992 1427 1070 Sylloges
1455 1018 1461 1033 ·

202 1096 369 1154 editionem
401 1112 555 1169 umquam
586 1094 728 1153 extitisse
759 1094 942 1170 negandum
973 1094 1031 1152 est.
1065 1092 1175 1152 Kaibel
1203 1109 1280 1150 sane
1307 1090 1428 1149 addidit

205 1193 256 1252 ‘im
288 1191 538 1268 wesentlichen',
576 1196 612 1250 ut
644 1193 834 1268 discrimen,
872 1191 959 1266 quod
990 1191 1072 1250 inter
1102 1190 1300 1249 Aristotelem
1333 1193 1429 1264 atquc

201 1292 446 1367 Aristophanem
466 1292 568 1366 extat,
593 1291 832 1366 explicationem
857 1307 949 1349 suam
971 1290 1110 1350 haberet.

241 1389 363 1458 Quodsi
383 1407 419 1449 ea
442 1390 509 1465 via,
539 1406 637 1464 quam
658 1389 826 1465 ingressus
847 1391 895 1448 est
917 1389 1043 1464 Kaibel,
1068 1390 1103 1446 ut
1127 1387 1272 1465 Sylloges
1293 1390 1428 1448 aetatem

202 1487 422 1563 constitueret,
447 1487 526 1545 nihil
547 1486 751 1562 proficimus,
776 1485 837 1545 alia
858 1485 1011 1546 tentanda
1033 1487 1090 1544 est.
1130 1485 1222 1553 Quod
1243 1485 1427 1559 perhibetur

201 1585 287 1659 apud
319 1584 393 1643 PW.
407 1585 505 1643 -ΒΕ,
540 1585 566 1644 I.
602 1583 681 1644 2380
711 1583 861 1660 Syllogen
892 1583 1107 1643 Simonideam
1138 1583 1326 1642 adornatam
1357 1599 1428 1642 esse

205 1681 317 1741 ‘sicher
345 1700 403 1741 vor
431 1680 645 1758 Aristoteles’,
676 1683 709 1740 id
737 1683 825 1742 nullo
852 1683 961 1757 itaque
987 1682 1099 1742 nititur
1126 1681 1345 1741 fundament.
1380 1680 1427 1739 Ad

200 1782 285 1840 locos
307 1783 413 1840 autem
433 1781 581 1840 laudatos
603 1781 712 1840 redibo
735 1778 755 1857 ἓ
778 1781 826 1840 37.
964 1764 966 1770 ’

242 1876 333 1956 523.
378 1876 614 1939 Reitzenstein.
659 1880 752 1939 Nunc
773 1879 1001 1954 inquirendum
1022 1880 1086 1954 est,
1115 1895 1193 1937 num
1214 1877 1426 1937 Reitzenstein

204 1974 247 2051 (p.
283 1974 453 2052 108-116)
487 1976 671 2051 sequendus
703 1977 848 2036 videatur
879 1977 911 2034 in
943 1994 979 2036 ea
1011 1994 1109 2052 quam
1139 1977 1208 2034 iniit
1242 1976 1303 2034 via.
1345 1975 1425 2035 Cum

201 2075 316 2134 habeat
344 2075 404 2134 sibi
432 2091 623 2150 persuasum
645 2072 672 2150 6)
702 2093 763 2134 v.c.
795 2075 850 2133 diu
877 2077 949 2150 post
977 2078 1088 2150 poetae
1115 2077 1248 2134 aetatem
1275 2073 1425 2149 Syllogen
1534 2115 1536 2120 -

201 2189 270 2232 esse
297 2174 520 2248 compositam,
551 2173 724 2233 terminum
753 2173 927 2248 quaesivit,
959 2176 1033 2232 ante
1060 2190 1155 2247 quem
1183 2171 1322 2232 collectio
1343 2171 1426 2230 facta

201 2287 271 2329 esse
301 2271 455 2330 videatur.
491 2271 596 2339 Quam
624 2271 861 2346 inquisitionem
890 2289 961 2330 cum
990 2271 1235 2347 investigatione
1262 2268 1426 2328 coniunxit

201 2368 240 2426 de
267 2369 406 2444 ratione,
436 2386 500 2444 qua
522 2369 752 2445 epigrammata
774 2371 952 2444 conquisita
974 2372 1089 2429 essent.
1125 2360 1268 2428 Prim'um
1290 2367 1427 2443 probare

202 2466 323 2525 studuit
360 2467 565 2526 Golleotorem
601 2467 831 2543 epigrammata
868 2486 907 2527 ex
942 2467 1102 2544 lapidibus
1138 2467 1216 2543 ipsis
1253 2466 1423 2541 petivisse,

201 2563 313 2622 deinde
343 2564 428 2624 illius
460 2565 616 2624 transitus
648 2565 781 2641 vestigio
809 2566 911 2625 utitur
938 2565 979 2624 ad
1007 2565 1195 2641 terminum,
1230 2568 1303 2624 ante
1331 2581 1426 2638 quem

202 2662 291 2738 origo
315 2661 459 2738 Sylloges
480 2663 628 2738 ponenda
650 2663 805 2738 videatur,
830 2664 1098 2723 constituendum.
1123 2663 1225 2721 Priori
1247 2662 1329 2721 thesi
1350 2662 1427 2720 haec

200 2759 294 2818 affert
325 2763 524 2836 argumenta.
562 2761 621 2836 Ep.
659 2761 717 2820 148
748 2762 909 2820 conditum
941 2778 1012 2821 csse
1043 2761 1169 2820 videtur
1200 2761 1241 2820 ab
1272 2759 1427 2837 Antigene

204 2857 423 2932 (Wilamowitz
445 2859 555 2918 Herm.
580 2859 627 2918 20.
653 2859 692 2919 68
713 2858 819 2936 sqq.),
844 2877 1039 2934 quamquam
1062 2860 1174 2918 titulus
1196 2859 1256 2917 ΑΡ.
1278 2858 1427 2919 x111.28

200 2955 331 3032 ambigit
353 2956 435 3015 inter
457 2956 680 3032 Bacchylidem
702 2960 798 3032 atque
822 2958 1026 3016 Simonidem.
1052 2958 1142 3017 Unde
1159 2957 1263 3016 effecit
1281 2975 1342 3015 v.c.
1364 2956 1425 3030 epi·

199 3071 344 3129 gramma
367 3071 403 3114 en
425 3053 543 3132 lepide
563 3055 747 3130 pervenisse
768 3056 800 3114 in
823 3056 1005 3116 Collectoris
1027 3073 1159 3130 manue,
1188 3056 1242 3130 qui
1264 3057 1425 3114 auctorem

199 3151 299 3210 tuisse
330 3153 520 3212 alterutrum
551 3157 676 3228 poetam
690 3140 804 3214 'ileum
836 3155 1000 3213 coniceret.
1035 3155 1074 3213 At
1105 3156 1178 3213 ante
1208 3154 1314 3212 omnia
1343 3152 1425 3211 Reit-

199 3250 371 3310 zensteinio
398 3251 684 3318 demonstrandum
711 3252 816 3311 iuerat
844 3252 904 3311 hoo
924 3252 1007 3310 tituli
1029 3250 1129 3311 dubii
1149 3253 1346 3328 epigramma
1367 3251 1425 3309 leo·

199 3351 266 3406 turn
294 3348 396 3407 tuisse
423 3349 456 3407 in
484 3367 521 3408 ea
551 3349 695 3425 Sylloge,
726 3367 809 3425 quae
836 3351 1066 3425 epigrammata
1088 3346 1267 3411 Simonidi
1287 3349 1425 3423 ascripta

199 3446 382 3505 contineret.
417 3447 510 3515 Quod
540 3465 577 3506 eo
608 3448 711 3523 magis
742 3449 770 3507 ei
802 3448 1018 3507 necessarium
1048 3451 1132 3523 erat,
1167 3448 1253 3523 quod
1282 3447 1424 3506 nondum

199 3543 406 3613 constitutum
437 3547 521 3621 erat,
557 3562 639 3619 quae
670 3545 783 3605 decimi
815 3545 897 3604 tertii
928 3546 1137 3621 Anthologiae
1165 3545 1327 3604 Palatinae
1353 3543 1425 3602 libri

199 3645 281 3701 esset
302 3642 392 3718 origo
401 3642 439 3717 7).
465 3642 528 3702 Sed
549 3644 599 3703 fao
620 3644 902 3704 Reitzensteinium
926 3647 1009 3704 recte
1030 3644 1208 3720 sumpsisse
1228 3644 1425 3719 epigramma

199 3740 332 3800 affuisse
361 3741 395 3799 in
429 3739 557 3817 Sylloge
591 3741 783 3801 Simoniden.
823 3742 902 3811 Quis
935 3744 1041 3802 autem
1073 3743 1292 3801 demonstrare
1322 3742 1424 3816 potest

200 3839 469 3898 Collectorem
500 3839 632 3914 ipsum
664 3840 860 3916 epigramma
888 3858 927 3899 ex
954 3841 1058 3916 lapide
1085 3838 1317 3914 descripsisse?
1350 3839 1423 3913 Epi·

199 3939 376 4012 grammata
398 3954 491 4012 sane,
522 3955 606 4012 quae
627 3956 738 3998 revera
761 3939 923 4013 quondam
945 3940 1097 3998 marmori
1117 3939 1275 4013 insculpta
1297 3937 1329 3994 in
1354 3935 1424 4012 Syl·

198 4035 289 4110 logen
320 4033 534 4093 Simonideam
564 4039 688 4110 recepta
718 4040 810 4112 suut,
843 4037 1015 4112 aliquando
1037 4038 1077 4096 ab
1098 4037 1225 4096 homine
1246 4036 1353 4110 aliquo
1375 4034 1424 4093 vel

199 4150 216 4192 a
246 4133 395 4208 pluribus
426 4133 609 4193 hominibus
641 4134 799 4210 descripta
831 4152 902 4194 esse
934 4153 1063 4195 necesse
1094 4138 1151 4195 est.
1196 4135 1287 4194 Unde
1318 4137 1423 4192 tamen

229 4408 252 4470 6)
286 4410 389 4460 Nititur
409 4412 568 4462 auctoritate
585 4412 697 4461 Kaibelii
715 4418 796 4477 atque
813 4413 1010 4465 Wilamowitzii
1027 4412 1154 4478 (quorum
1172 4417 1241 4464 alter
1258 4427 1289 4462 ea
1306 4419 1426 4474 tantum,

198 4510 264 4558 quae
283 4494 296 4558 5
312 4495 345 4544 22
363 4497 421 4546 init.
438 4497 557 4560 laudavi,
581 4497 772 4562 affirmaverat,
790 4501 904 4548 alterum
924 4502 1002 4551 iustis
1019 4515 1071 4550 non
1091 4515 1168 4549 usum
1187 4513 1245 4550 esse
1262 4499 1428 4561 argumentis

198 4579 378 4629 demonstrare
401 4582 492 4630 studui
515 4582 542 4631 in
566 4583 658 4632 eadem
677 4581 715 4645 §):
740 4581 808 4633 ‘dass
831 4585 876 4633 des
900 4583 1049 4636 Simonides
1073 4585 1240 4648 Epigramme
1264 4588 1319 4632 erst
1342 4585 1429 4647 spiiter

198 4665 354 4726 gesammelt
373 4666 495 4729 worden,
513 4667 583 4716 steht
602 4669 690 4730 l'angst
707 4668 790 4718 durch
810 4668 987 4720 Wilnmowitz
1006 4670 1059 4718 und
1081 4668 1171 4719 Kaibel
1190 4669 1293 4720 sicher’.

229 4745 250 4809 7)
285 4749 323 4797 De
340 4750 389 4798 hoe
408 4748 457 4799 ΑΡ.
475 4750 542 4799 libro
559 4751 622 4813 quid
641 4752 753 4801 sentiam
773 4753 880 4815 exposui
899 4751 911 4814 5
929 4753 969 4804 94.
989 4755 1026 4802 Dc
1044 4755 1244 4818 epigrammatis
1262 4755 1336 4803 tituli
1354 4753 1426 4803 dubii

198 4831 228 4881 ci.
246 4830 258 4894 5
274 4831 315 4884 96.
