3572 5716
799 505 854 564 1111
1224 507 1243 586 5
1268 508 1342 585 114,
1367 509 1436 570 115.

210 687 270 746 630
292 685 475 766 εὐχάριστον
497 685 526 747 δ’
544 687 727 767 ἐπίγραμμα
750 691 821 766 (129
844 691 895 768 Β.)
920 690 1047 769 γράψας
1068 691 1086 752 ὁ
1107 689 1293 772 Σιμωνίδης

292 789 327 863 τῇ
349 784 444 865 στήλῃ
466 786 688 866 παρενέγραιμε
708 793 824 867 νεκροῦ
846 794 900 850 τοῦ
922 787 1116 857 σεσωκότας·

292 879 393 950 ὀὗτος
414 882 432 944 ὁ
454 882 550 944 Κείου
571 883 762 961 Σιμωνίδεω
784 885 845 947 ἐστὶ
866 887 1011 965 σαωτήρ,

292 979 337 1048 ίὃς
357 980 410 1041 καὶ
432 981 579 1049 τεθνειὼς
601 983 693 1054 ζῶντι
714 983 853 1064 παρέσχε
873 983 983 1064 χάριν.’

292 1073 384 1146 οὗτος
404 1077 423 1140 ὁ
443 1077 628 1160 Σιμωνίδης
648 1080 706 1159 μὲν
728 1081 761 1142 ἒν
781 1081 910 1162 Σικελίᾳ
930 1080 1071 1162 θνῄσκει.

209 1174 268 1235 635
291 1174 473 1256 ἐπίγραμμα
496 1178 600 1257 (Preg.
619 1179 690 1257 254)
713 1179 747 1241 δὲ
769 1181 938 1259 γέγραπται
959 1179 1031 1241 τόδε
1052 1183 1097 1260 τῳ
1118 1180 1211 1260 τάφῳ
1233 1179 1359 1241 τούτου·

291 1275 335 1345 ‘SE
355 1274 405 1336 ε’πὶ
424 1277 632 1356 πεντήκοντα,
654 1277 837 1358 Σιμωνίδη,
859 1279 941 1358 ἤραο
962 1279 1066 1349 νίκας,

290 1372 352 1433 ’καὶ
373 1373 537 1452 τρίποδας·
559 1375 708 1456 δνῄσκεις
730 1376 758 1437 δ’
779 1377 813 1437 ἓν
835 1373 960 1456 Σικελῷ
979 1370 1092 1456 πεδίῳ(

291 1469 405 1540 “Κείοις
428 1474 545 1550 (Preg,
572 1497 616 1553 -ῳ
637 1476 743 1552 codd.)
767 1475 801 1536 δὲ
821 1475 952 1556 μνήμην
973 1475 1098 1546 λείπεις,
1115 1473 1241 1555 Ἕλλησι
1261 1475 1290 1536 δ’
1309 1475 1437 1536 ἔπαινον

291 1569 465 1640 ίεὐξονέτου
485 1579 593 1653 ψυχῆς
614 1579 671 1653 σῆς
691 1573 951 1654 ἕπιγεινομένοις.’

209 1670 459 1746 Epigrammatis
494 1672 551 1731 129
585 1673 821 1749 testimonium,
859 1674 946 1748 quod
981 1675 1161 1733 continetur
1193 1693 1222 1732 v.
1255 1674 1432 1748 624-634,

208 1769 355 1826 consulto
376 1787 440 1828 non
463 1773 589 1829 sextum
610 1771 743 1830 adiunxi
763 1772 816 1847 iis,
841 1773 880 1831 de
901 1772 1025 1855 quibus¹
1041 1772 1203 1846 disputavi
1227 1768 1246 1847 ᾖ
1270 1771 1323 1847 58,
1349 1773 1436 1846 quod

209 1866 336 1925 Tzetzes
364 1885 430 1926 uno
457 1884 496 1925 ex
523 1868 562 1926 iis
590 1885 633 1928 so.
663 1867 860 1929 Scholiasta
880 1868 932 1946 157)
962 1870 1120 1928 Aristideo
1147 1886 1227 1927 usus
1255 1872 1303 1927 cst
1331 1887 1436 1944 neque

208 1964 282 2038 plus
303 1965 456 2040 praebere
476 1967 579 2041 potuit
601 1984 697 2041 quam
720 1967 780 2026 ille.
816 1969 945 2026 Erravit
966 1968 1064 2044 igitur
1086 1967 1209 2042 Bergk,
1242 1984 1315 2025 cum
1337 1966 1435 2024 verbo

208 2063 464 2142 παρενέγραψε
484 2082 533 2139 ep.
550 2065 622 2140 128,
647 2065 733 2140 quod
754 2066 871 2125 iniuria
892 2065 990 2124 huius
1011 2064 1249 2140 epigrammatis
1266 2064 1434 2139 gemellum

208 2176 279 2218 esse
299 2162 450 2236 credunt,
476 2161 589 2236 respici
611 2164 738 2236 putaret
761 2160 814 2239 (01.
841 2161 860 2240 ἓ
884 2163 975 2222 5811.
1000 2161 1064 2237 24).
1103 2164 1148 2221 De
1169 2164 1258 2221 textu
1278 2162 1434 2238 epigram-

210 2259 302 2316 matis
328 2260 367 2317 ci.
395 2257 415 2335 ξ
438 2259 486 2318 58.

248 2356 287 2413 In
315 2357 374 2415 hac
403 2357 442 2414 de
471 2357 643 2417 Simonidis
673 2358 812 2417 victoriis
841 2359 891 2417 vel
919 2358 1025 2433 potius
1053 2359 1092 2417 de
1119 2358 1281 2418 Simonide
1301 2358 1434 2440 historia

210 2456 359 2512 neutrum
381 2455 639 2514 commemoravit
660 2457 857 2531 epigramma
881 2457 1099 2516 Simonideum
1123 2455 1209 2532 (145,
1236 2453 1323 2531 147),
1348 2457 1435 2531 quod

209 2552 344 2611 celebrat
379 2555 489 2627 poetae
524 2554 698 2613 victoriam.
743 2554 945 2629 Quamquam
980 2555 1176 2630 epitaphium
1211 2571 1241 2612 v.
1276 2553 1435 2613 cat-639

211 2649 316 2726 (Preg.
352 2648 425 2725 254)
457 2669 497 2710 ex
527 2652 581 2710 illo
612 2653 841 2727 epigrammate
870 2653 1044 2711 formatum
1076 2655 1133 2710 est.
1178 2653 1237 2726 Ep.
1271 2650 1327 2709 147
1359 2669 1435 2709 vero

209 2748 378 2807 adducitur
419 2749 452 2806 in
493 2748 647 2825 Scholiis,
691 2750 811 2824 quibus
849 2750 976 2808 Tzetzes
1014 2767 1130 2809 rursus
1168 2750 1319 2809 historias
1357 2767 1434 2808 suas

208 2846 360 2904 instruxit
383 2844 502 2923 (Cram.
520 2848 579 2906 An.
597 2847 656 2906 Ox.
675 2848 736 2906 ΙΙΙ.
754 2847 812 2907 353
819 2865 827 2920 ;
850 2865 1011 2924 anonyma
1033 2851 1126 2923 sunt,
1151 2849 1207 2906 sed
1224 2849 1285 2922 ipsi
1304 2848 1435 2906 Tzetzae

208 2943 380 3020 debentur,
418 2945 457 3004 01.
492 2946 597 3005 Crem.
632 2965 662 3020 p.
698 2943 770 3022 IV);
806 2946 1055 3020 praemittuntur
1090 2945 1187 3004 verba
1221 2943 1274 3022 (01.
1311 2943 1330 3022 §
1366 2943 1433 3021 79):

207 3037 335 3117 λυρικὸς
370 3039 443 3118 γὰρ
479 3040 552 3119 (sic)
589 3041 636 3102 ὢν
670 3040 802 3121 ποιητὴς
836 3038 928 3110 οὗτος
959 3041 977 3102 ὁ
1007 3040 1192 3121 Σιμωνίδης
1222 3041 1258 3102 ἐκ
1290 3039 1434 3120 νεότητος

207 3137 316 3218 μέχρις
344 3137 542 3218 ὀγδοήκοντα
564 3139 642 3200 ε’τῶν
663 3138 749 3200 ε’νίκα
771 3138 804 3199 ἓν
825 3144 887 3207 τοῖς
908 3139 1028 3218 ἀγῶσιν
1045 3138 1229 3219 Ἀθήνησιν,
1258 3138 1304 3207 ὡς
1325 3137 1378 3199 καὶ
1399 3136 1433 3198 τὸ

207 3235 390 3315 ἐπίγραμμα
420 3235 523 3316 δηλοῖ·
552 3256 617 3314 seq.
643 3256 691 3313 ep.
718 3238 789 3314 147,
820 3242 888 3298 tum
911 3239 1008 3298 verba
1031 3237 1108 3316 φασὶ
1129 3237 1191 3298 κτλ.
1216 3237 1235 3316 ἓ
1260 3239 1296 3298 79
1319 3257 1350 3296 11.
1376 3237 1433 3318 lqo

207 3334 345 3395 laudata.
370 3337 538 3396 Auctorem
560 3338 691 3406 'l'zetzae
711 3355 782 3396 esse
805 3336 1016 3397 Scholiastam
1037 3338 1240 3413 Anonymum
1261 3338 1433 3412 Hermoge-

207 3433 339 3492 nianum
361 3434 432 3492 VII.
459 3434 534 3494 1084
557 3437 605 3494 W.
630 3439 780 3511 nonest,
805 3437 891 3510 quod
912 3454 1068 3496 moneam.
1100 3438 1144 3495 De
1165 3438 1270 3511 textu,
1295 3453 1359 3511 quo
1380 3453 1429 3510 ep.

206 3531 292 3605 apud
314 3532 458 3592 Tzetzam
480 3534 665 3609 praebetur,
691 3535 754 3593 vid.
781 3532 800 3611 ξ
825 3535 915 3594 7911.
941 3535 1008 3593 101.

245 3629 378 3689 Tzetzac
406 3629 532 3690 Scholia
560 3631 600 3690 ad
629 3633 862 3708 Hermogenem
891 3633 1020 3692 metrica
1050 3631 1169 3709 (Cram.
1199 3631 1257 3689 An.
1287 3631 1346 3689 Ox.
1376 3631 1428 3688 IV.

209 3725 281 3800 119,
313 3725 364 3803 13)
393 3728 487 3787 etiam
519 3728 737 3789 Simonideum
759 3731 938 3806 continent,
970 3748 1013 3790 sc.
1037 3729 1170 3789 Acronis
1192 3747 1254 3803 ep.,
1285 3728 1371 3803 quod
1393 3745 1432 3785 ex

207 3825 296 3900 Diog.
316 3826 419 3909 Laert.
437 3827 571 3901 petitum
589 3830 646 3886 est.
672 3827 786 3888 Omisit
804 3829 931 3886 Tzetzes
950 3828 1150 3886 traditionem
1172 3825 1211 3901 S,
1236 3843 1318 3902 quae
1335 3825 1431 3883 tradi-

206 3922 283 3980 tioni
304 3922 331 3980 A
352 3924 437 3998 apud
460 3925 631 4002 Diogenem
654 3927 803 3986 adiuncta
820 3928 868 3985 est
887 3926 940 4004 (01.
958 3924 977 4003 ὅ
995 3924 1057 4002 75).
1082 3925 1248 3982 Praeterea
1266 3923 1328 3982 vid.
1345 3920 1364 3999 ἓ
1380 3922 1428 3981 80.

246 4021 349 4080 Unius
381 4021 511 4082 Tzetzae
540 4025 721 4082 testimonio
753 4025 859 4100 Bergk
890 4025 973 4082 inter
1004 4024 1233 4098 epigrammata
1266 4018 1328 4097 (ep.
1360 4018 1430 4096 177)

207 4120 323 4195 recepit
339 4120 421 4179 duos
440 4122 658 4197 hexametros,
679 4139 760 4196 quos
779 4140 819 4180 ne
835 4124 963 4181 Tzetzes
980 4122 1109 4197 quidem
1127 4138 1186 4195 pro
1204 4120 1432 4195 epigrammate

208 4215 284 4293 (κού
316 4239 412 4296 φησιν
442 4215 590 4297 ᾄσματι
621 4215 819 4297 Σιμωνίδης)
849 4219 944 4278 babet
972 4220 1091 4295 quique
1118 4218 1269 4294 anonymi
1298 4217 1432 4274 redeunt

207 4317 291 4388 apud
320 4316 402 4374 Plut.
430 4318 470 4375 de
497 4318 566 4376 ooh.
591 4317 628 4375 ir.
653 4317 750 4376 45110
777 4315 829 4394 (cf.
857 4314 876 4393 ἓ
899 4314 963 4390 51).
998 4319 1164 4392 Leguntur
1184 4316 1218 4373 in
1239 4315 1372 4373 historia
1393 4314 1433 4372 de

207 4411 335 4488 Marsya
367 4413 446 4473 chii.
478 4415 504 4474 Ι.
535 4415 582 4474 15.
612 4415 670 4473 372
700 4432 769 4490 sqq.
804 4414 984 4473 Auctoritas
1011 4417 1116 4473 autem
1147 4412 1330 4472 Simonidea
1358 4413 1432 4471 iiota

208 4555 364 4564 ξ-

240 4641 286 4705 157)
321 4645 430 4708 Saepius
447 4661 508 4695 cum
526 4647 596 4709 apud
615 4647 680 4696 alios
699 4647 858 4711 Byzantinos
875 4652 934 4695 turn
953 4647 1021 4711 apud
1039 4646 1159 4695 Tretzam
1178 4645 1222 4707 (ef.
1240 4647 1300 4695 Chr.
1315 4647 1433 4709 Harder,

209 4728 239 4776 de
260 4728 369 4778 loannis
391 4730 498 4779 Tretzua
524 4731 699 4780 ilistoriarum
725 4734 842 4782 lontibus
865 4735 1035 4796 quaestiones
1052 4734 1177 4793 selectae,
1202 4732 1262 4781 diss
1281 4731 1347 4780 Kicl.
1366 4730 1432 4780 1886

209 4827 229 4873 p.
247 4811 275 4875 2)
292 4813 436 4862 laudantur
452 4815 605 4876 scriptores,
624 4815 668 4863 ubi
686 4814 791 4866 Scholia
808 4818 840 4865 ad
858 4818 916 4865 illos
934 4817 1067 4866 laudanda
1084 4821 1167 4865 erant.
