3572 5716
768 473 824 534 175
1241 472 1331 551 091,
1356 474 1404 534 aa.

180 663 242 720 ΑΡ.
255 660 311 722 VI.
326 661 384 722 343
405 659 538 740 (ἄδηλον
551 662 584 736 Α,
604 661 655 721 cui
672 661 764 720 titulo
782 661 806 720 G
825 661 970 719 adiunxit
983 656 1174 737 Ἡροδότου)
1192 679 1240 736 ep.
1258 661 1335 721 Sim.
1352 662 1407 722 132

182 759 359 835 (nusquam
383 759 600 818 Simonideum
622 758 770 832 obvium,
795 758 834 816 01.
856 755 900 834 ἐς
918 758 973 834 41,
995 756 1058 834 55).
1083 759 1153 817 Ηο0
1169 759 1408 819 demonstratur

181 874 245 914 non
267 860 333 916 tam
355 857 551 916 Correctoris
573 860 647 916 nota
669 873 766 930 quam
788 856 855 914 loco
877 873 914 915 ac
934 860 1023 915 textu
1044 856 1294 931 epigrammatis.
1319 857 1407 934 Legi-

180 958 234 1013 tur
265 956 349 1014 enim
381 973 446 1014 uno
477 954 716 1030 epigrammatis
747 954 914 1013 intervallo
945 954 1137 1028 diremptum
1170 972 1188 1012 a
1215 955 1408 1015 Mandroclis

180 1052 409 1128 epigrammate
432 1052 507 1128 (ΑΡ.
519 1050 575 1111 VI.
590 1050 674 1128 341),
700 1053 786 1126 quod
806 1054 892 1110 extat
916 1052 990 1110 Her.
1005 1049 1062 1110 IV.
1077 1050 1130 1126 88,
1156 1054 1228 1126 post
1249 1054 1335 1126 quod
1356 1071 1404 1129 ep.
1454 1055 1456 1058 ’

180 1149 410 1224 epigrammata
438 1152 524 1224 apud
545 1149 744 1208 Herodotum
765 1149 965 1223 conquirenti
987 1149 1126 1223 primum
1148 1150 1335 1209 occurrebat
1356 1169 1404 1226 ep.

181 1250 337 1307 nostrum.
373 1249 455 1306 Tum
476 1265 524 1322 ep.
550 1266 614 1307 non
635 1247 806 1322 praebetur
827 1247 859 1304 in
881 1264 918 1305 eo
939 1249 1044 1322 textu,
1069 1263 1133 1321 quo
1154 1246 1183 1304 si
1203 1265 1251 1322 ep.
1276 1265 1315 1306 ex
1340 1248 1408 1324 Syl·

180 1344 250 1420 loge
272 1363 328 1420 per
349 1346 546 1421 Meleagrum
567 1346 600 1403 in
623 1346 780 1423 Cephalae
800 1361 917 1403 manus
939 1344 1153 1419 pervenisset,
1178 1345 1289 1420 procul
1311 1346 1408 1406 dubio

181 1441 213 1499 in
242 1443 302 1501 ΑΡ.
331 1445 504 1519 legeretur,
537 1461 580 1502 sc.
609 1444 641 1500 in
670 1445 758 1501 textu
788 1442 928 1518 integro,
959 1459 1055 1516 quem
1083 1441 1206 1501 codices
1235 1445 1360 1518 generis
1387 1444 1409 1521 β

181 1543 392 1599 servaverunt
409 1541 631 1615 Diodorusque
649 1541 737 1599 novit
756 1538 846 1616 (Exc.
857 1541 924 1598 Vat.
939 1537 1050 1598 111.4o
1062 1540 1168 1615 1)1111.,
1183 1558 1214 1615 p.
1226 1541 1283 1600 213
1295 1540 1406 1618 Vog.);

181 1640 340 1712 comparet
372 1655 448 1697 vero
479 1638 511 1696 in
543 1640 631 1696 textu
659 1641 777 1696 temere
805 1638 926 1695 mutato
954 1637 1097 1696 codicum
1126 1638 1252 1712 generis
1280 1659 1317 1713 a,
1353 1641 1408 1714 qui

181 1734 297 1793 habent
325 1753 355 1794 v.
384 1735 403 1794 3
434 1733 486 1811 (--
514 1752 543 1793 v.
573 1733 604 1811 1)
635 1732 819 1814 ἀχνυνθέντι
846 1733 969 1810 (vocem
991 1734 1080 1792 nihili
1101 1752 1160 1810 pro
1181 1732 1355 1813 ἀχλυόεντι)
1378 1740 1408 1796 01

181 1850 209 1891 v.
231 1833 249 1891 2
270 1831 423 1910 ἔργμασιν
444 1830 485 1892 ἐκ
507 1830 649 1910 πολέμου
673 1832 745 1910 (pro
766 1831 789 1892 ἔ.
812 1830 1407 1908 1111).Ι)01011111ΑΡ.00110001100-

180 1930 260 1988 turis
280 1931 422 1989 virorum
442 1932 624 2005 doctorum,
646 1948 729 2005 quae
743 1930 930 1990 lectionibus
946 1951 966 1988 a
984 1931 1140 2004 nituntur,
1162 1932 1323 2004 praeterea
1341 1933 1403 1990 vid.

180 2026 211 2084 in
233 2029 285 2086 alt.
307 2029 338 2086 h.
359 2046 472 2087 comm.
495 2046 524 2103 p.
555 2029 704 2087 Fortasse
725 2030 830 2087 tamen
854 2028 996 2087 conicere
1016 2028 1087 2086 licet
1109 2027 1312 2086 collectorem
1334 2047 1406 2088 cum

180 2125 377 2184 Herodotum
406 2125 447 2184 ad
475 2126 704 2201 epigrammata
729 2125 885 2185 Simonidi
906 2124 1109 2184 attribuenda
1132 2124 1347 2200 pervolveret,
1378 2127 1406 2184 ei

180 2222 237 2281 hoc
264 2240 393 2298 quoque
420 2241 468 2299 ep.
497 2223 688 2299 adespoton,
721 2223 838 2298 quippe
866 2223 952 2298 quod
982 2224 1111 2296 propter
1139 2223 1272 2280 aetatem
1301 2223 1342 2282 ab
1370 2241 1406 2283 eo

180 2320 271 2378 condi
291 2322 464 2396 potuisset,
495 2321 683 2396 ascripsisse
704 2323 800 2396 atque
820 2321 853 2378 in
878 2320 1028 2396 Syllogen
1049 2320 1216 2394 recepisse.
1253 2320 1316 2380 Sed
1337 2325 1405 2381 tum

179 2417 374 2492 epigramma
396 2419 458 2477 iam
481 2436 499 2477 a
521 2419 679 2494 Meleagro
701 2418 869 2477 dimissum
890 2434 960 2476 esse
981 2418 1177 2477 censendum
1199 2421 1255 2477 est.

218 2515 332 2590 Itaque
346 2519 472 2590 praeter
483 2516 640 2575 Coronam
654 2515 862 2592 Meleagream
875 2515 1030 2591 Cephalas
1046 2516 1133 2575 nullo
1148 2534 1229 2576 usus
1243 2520 1291 2576 est
1306 2519 1402 2594 fonte,

179 2629 216 2670 ex
237 2631 303 2686 quo
324 2613 442 2688 recepit
459 2614 655 2690 epigramma
677 2613 858 2672 Simonideo
876 2614 968 2672 titulo
986 2618 1145 2673 ornatum.
1171 2616 1230 2690 Ep.
1247 2617 1332 2675 enim
1350 2617 1402 2692 94,

178 2710 301 2769 etiamsi
315 2711 344 2769 ei
360 2711 391 2769 id
407 2712 664 2786 suppeditavisse
678 2711 804 2770 videtur
820 2711 1018 2787 Herodotus,
1035 2712 1126 2771 titulo
1144 2711 1327 2773 Simonideo
1342 2731 1405 2773 non

178 2808 331 2883 munivit,
362 2827 411 2884 ep.
434 2809 508 2884 132,
533 2809 619 2883 quod
641 2812 763 2868 certum
784 2810 832 2867 est
853 2825 891 2867 ex
914 2809 1075 2868 Herodoto
1096 2809 1129 2867 in
1151 2810 1276 2869 Anthol.
1297 2830 1405 2887 perve-

179 2906 279 2983 nisse,
308 2906 527 2965 Simonideum
549 2907 635 2982 apud
657 2907 828 2981 scriptores
850 2908 979 2965 nostrae
1000 2906 1128 2965 demum
1146 2908 1258 2966 aetatis
1276 2909 1401 2969 dicitur.

218 3002 237 3080 ᾖ
260 3003 309 3063 98.
354 3001 492 3064 Indicia
506 3001 657 3082 originis
671 3001 966 3080 epigrammatum
982 3021 1018 3064 01
1033 3001 1173 3081 Sylloge
1187 3003 1401 3067 Simoniden.

179 3100 327 3176 Quinque
357 3102 577 3177 quaestiones,
611 3103 651 3160 de
681 3102 800 3176 quibus
831 3102 864 3159 in
897 3101 1109 3177 paragraphis
1141 3105 1404 3176 praecedentibus

180 3198 324 3276 (ss-97)
348 3199 576 3275 disseruimus,
605 3200 734 3275 docent,
759 3216 856 3273 quam
877 3199 972 3274 longe
993 3199 1092 3274 absit,
1117 3203 1153 3258 ut
1174 3201 1404 3276 epigrammata

178 3298 298 3373 omnia,
330 3314 413 3372 quae
440 3297 473 3354 in
501 3297 627 3356 Anthol.
657 3296 801 3356 Palatina
833 3296 1006 3356 Simonidis
1035 3298 1224 3360 auctoritate
1248 3299 1404 3360 instructa

178 3394 341 3470 leguntur,
372 3412 412 3454 ex
441 3394 570 3471 Sylloge
599 3393 781 3468 Simonides
810 3398 986 3470 propagata
1009 3398 1211 3455 censeantur.
1247 3395 1403 3464 Quemad-

179 3493 306 3551 modum
339 3509 356 3552 a
389 3493 561 3552 Colleatore
591 3495 701 3594 ppetae
733 3491 891 3550 vindicata
923 3494 971 3550 est
994 3493 1266 3568 'epigrammatum
1294 3496 1400 3570 copia,

178 3589 289 3665 inqua
308 3607 410 3666 pauca
427 3592 553 3648 tantum
573 3589 745 3650 Simonidis
764 3590 865 3664 ipsius
884 3591 1114 3667 epigrammata
1133 3591 1272 3665 genuina
1291 3592 1404 3651 adesse

178 3691 365 3763 potuerunt,
396 3689 441 3746 sio
470 3688 615 3764 Sylloges
644 3689 741 3747 huius
772 3688 973 3748 Simonideae
1002 3689 1153 3763 reliquiae
1174 3707 1237 3748 non
1261 3690 1404 3766 integrae

178 3785 208 3844 in
235 3786 425 3862 Anthologia
452 3786 596 3845 Palatina
618 3789 694 3846 sunt
717 3790 878 3861 servatae,
911 3788 965 3846 sed
989 3787 1216 3846 nonnullorum
1238 3787 1402 3847 titulorum

177 3883 328 3943 iacturam
351 3884 591 3958 multorumque
611 3885 862 3943 additamentum
884 3902 999 3959 passae
1021 3887 1106 3943 sunt.

215 3982 371 4041 Tractatis
392 3981 489 4056 igitur
510 3983 769 4056 quaestionibus,
795 4000 877 4058 quae
895 3983 1144 4058 praemittendae
1162 3985 1268 4059 erant,
1295 3986 1402 4044 viden-

178 4077 268 4154 dum,
289 4096 368 4137 num
386 4079 501 4138 indicia
519 4081 642 4155 extent,
665 4079 841 4154 exquibus
860 4083 1095 4156 cognoscantur
1112 4081 1145 4138 11
1164 4081 1225 4139 ΑΡ.
1245 4084 1402 4156 quaedam

178 4177 420 4252 epigrammata,
451 4195 534 4252 quae
562 4180 687 4237 constat
708 4178 838 4236 titulum
862 4177 1081 4238 Simonideum
1103 4195 1168 4237 non
1190 4181 1403 4254 posteriorum

177 4273 280 4333 fraudi
309 4275 359 4333 vel
386 4276 487 4342 errori
515 4275 630 4334 debere
656 4277 711 4334 sed
737 4276 897 4351 integrum
920 4293 1068 4336 servasse
1089 4294 1128 4334 ex
1152 4276 1279 4353 Sylloge
1302 4278 1400 4339 Simo-

178 4371 266 4431 nidea
302 4376 524 4449 propagatum.
570 4373 659 4442 Quae
689 4374 804 4433 indicia
836 4374 899 4433 iam
932 4393 1030 4449 supra
1065 4373 1099 4451 (ᾖ
1132 4373 1184 4452 83)
1217 4379 1403 4436 enumerata

178 4468 251 4528 haec
272 4472 364 4528 sunt:

215 4583 245 4626 a.
281 4565 429 4627 traditio
451 4565 478 4628 S
498 4568 753 4628 Simonideorum
775 4570 1041 4645 epigrammatum
1048 4588 1055 4642 ;

217 4662 245 4722 b.
281 4662 421 4725 01111100
444 4664 617 4724 Simonidei
639 4667 789 4739 Palatini;

217 4778 242 4820 c.
282 4759 499 4823 imitationes
522 4763 722 4823 Simonideae
743 4765 933 4825 Mnasaloae.
