3546 5724
783 474 821 544 aa
1241 474 1339 563 cro,
1361 477 1412 557 21.

191 667 263 734 alibi
300 675 411 749 poetae
448 667 635 732 auctoritate
672 668 862 748 insignitum
900 669 974 731 alibi
1010 673 1168 749 legeretur
1204 671 1412 750 destitutum,

192 774 296 848 Bergk
312 782 386 831 'rem
407 771 455 830 sic
473 771 673 846 expedivisse
694 771 829 845 videtur,
854 773 947 845 quasi
968 772 1067 830 altero
1088 773 1157 830 loco
1178 789 1255 830 casu
1277 773 1416 846 quodam

192 870 329 930 auctoris
350 887 466 929 nomen
487 870 571 927 esset
592 869 759 927 omissum.

233 969 347 1028 Secuta
369 970 445 1027 sunt
467 967 622 1042 Pregeri
644 966 750 1025 studia
770 964 940 1042 (1889Ι91).
966 966 1028 1035 Qui
1045 967 1197 1026 intellexit
1215 968 1416 1043 singulorum

191 1067 455 1142 epigrammatum
484 1066 617 1141 originis
646 1065 864 1124 constitutioni
892 1065 1080 1139 praecedere
1100 1065 1216 1124 debere
1236 1066 1416 1125 traditionis

192 1165 340 1224 historiae
367 1164 653 1239 investigationem.
688 1162 758 1231 Qua
786 1162 826 1220 de
854 1178 951 1220 causa
980 1164 1053 1221 ante
1080 1163 1187 1222 omnia
1215 1163 1247 1221 in
1272 1163 1417 1239 Sylloges

194 1262 393 1321 Simonideae
426 1261 560 1320 aetatem
594 1260 769 1336 inquisivit.
814 1261 903 1318 Duae
937 1262 1044 1319 autern
1075 1261 1247 1320 obstabant
1278 1247 1414 1337 causae,

191 1360 363 1434 quominus
394 1361 462 1435 ipse
493 1360 711 1434 quaestionem
743 1359 867 1418 solvere
897 1361 1015 1433 posset.
1051 1360 1131 1418 Nam
1153 1362 1282 1434 propter
1303 1359 1417 1418 miram

191 1459 259 1516 eius
286 1458 359 1516 libri
385 1459 540 1517 rationem
560 1457 601 1535 52)
628 1457 734 1518 omnia
756 1459 846 1516 extra
867 1456 1100 1531 disquisitionis
1121 1457 1190 1517 eius
1211 1457 1293 1516 fines
1315 1459 1418 1533 posita

191 1557 281 1614 erant
302 1555 531 1631 epigrammata
555 1554 752 1630 Simoniden,
778 1571 861 1630 quae
878 1555 971 1614 unice
989 1555 1021 1613 in
1039 1555 1239 1630 Anthologiis
1260 1554 1418 1632 (Palatina

192 1655 222 1712 et
248 1653 426 1731 Planudea)
455 1656 636 1714 occurrunt.
671 1654 754 1712 Tum
781 1654 815 1712 in
846 1652 992 1729 Sylloges
1021 1655 1122 1712 aetate
1146 1654 1326 1713 definienda
1347 1671 1418 1713 eam

192 1752 357 1827 amplexus
388 1755 436 1812 est
466 1753 667 1828 opinionem,
701 1769 766 1826 qua
796 1752 837 1811 ad
865 1751 986 1810 exitum
1014 1751 1182 1826 pervenire
1209 1753 1297 1811 nullo
1325 1753 1419 1811 modo

192 1853 308 1925 posset.
343 1851 382 1908 Ei
409 1851 513 1925 enim,
544 1851 600 1925 qui
621 1853 657 1909 ut
678 1851 797 1926 Preger
818 1850 994 1909 arbitratur
1013 1849 1213 1909 'Simonidem
1234 1851 1341 1925 ipsum
1363 1854 1419 1909 aut
1442 1857 1447 1866 “

113 2001 116 2008 .
192 1951 275 2007 certe
295 1951 368 2023 post
389 1951 522 2006 mortem
543 1948 612 2008 eius
633 1947 805 2007 familiares
822 1948 1061 2024 epigrammatis
1079 1948 1263 2023 colligendis
1281 1965 1420 2007 navasse

192 2064 338 2122 operam,
370 2046 609 2122 agnoscendum
636 2047 684 2104 est
705 2046 788 2104 inter
811 2045 993 2105 Simonides
1014 2063 1085 2121 epp.
1111 2048 1236 2105 servata
1258 2063 1418 2121 perpauca

193 2147 317 2204 tantum
345 2143 482 2203 inveniri
510 2161 620 2220 posse,
651 2161 735 2219 quae
761 2144 878 2204 iniuria
907 2145 1017 2220 poetae
1045 2144 1263 2203 auctoritatem
1285 2161 1419 2218 occupa·

193 2242 296 2302 verint
319 2242 372 2320 (ci.
398 2242 507 2302 Kaibel
528 2243 561 2301 in
582 2260 719 2302 censura
740 2260 770 2318 p.
795 2241 859 2318 95).

233 2342 309 2400 Post
341 2342 515 2417 Pregerum
547 2357 640 2400 nemo
671 2341 937 2416 epigrammatum
965 2341 1146 2400 tractationi
1173 2341 1419 2401 tundamentum

193 2456 231 2497 ex
263 2439 443 2498 traditionis
474 2439 606 2497 historia
638 2439 771 2514 petitum
802 2439 945 2498 subiecit.
980 2438 1263 2498 Reitzenstein
1292 2437 1416 2516 (1892),

193 2537 247 2611 qui
275 2553 363 2595 unus
391 2540 464 2612 post
491 2553 564 2595 eum
592 2538 727 2595 aetatem
750 2536 895 2613 Sylloges
915 2536 1178 2595 circumscribere
1197 2539 1332 2596 conatus
1352 2539 1417 2611 est,

193 2635 231 2692 de
246 2635 514 2711 epigrammatum
529 2633 652 2709 origine
666 2634 823 2693 disserere
839 2652 903 2693 non
919 2635 1022 2710 potuit
1037 2637 1166 2710 propter
1181 2635 1255 2693 libri
1269 2635 1416 2693 indolem.

194 2733 238 2791 De
268 2733 366 2792 huius
398 2749 428 2791 v.
459 2733 497 2791 cl.
531 2732 731 2792 Simonideae
761 2733 958 2808 quaestionis
989 2733 1174 2793 tractandae
1205 2733 1327 2792 ratione
1356 2733 1421 2791 dixi

196 2829 294 2907 §23,
320 2829 339 2908 ξ
363 2830 454 2890 3811.
480 2831 534 2907 54,
561 2828 604 2908 ἐξ
628 2831 686 2890 123
708 2848 778 2906 sqq.

232 2929 342 3004 Neque
370 2929 456 3003 apud
484 2929 754 2988 Hauvettium
777 2927 883 3006 (1896)
911 2931 1125 3005 prooemium,
1156 2930 1243 3004 quod
1264 2929 1420 3005 epigram·

194 3027 286 3086 matis
324 3027 404 3102 ipsis
440 3027 616 3086 tractandis
654 3027 884 3103 praemittitur,
925 3031 1031 3088 textus
1067 3028 1233 3086 historiam
1268 3030 1417 3103 enarrat,

224 3283 260 3346 52)
295 3285 468 3347 decipiendas
491 3285 562 3334 enim
587 3300 639 3334 non
661 3286 765 3348 putavit
781 3285 831 3334 v.d.
849 3285 1031 3348 inscriptiones
1050 3285 1186 3348 metricae,
1212 3299 1281 3348 quae
1300 3285 1376 3334 irnice
1394 3286 1421 3333 in

195 3371 360 3434 anthologiis
382 3372 523 3434 leguntur3
546 3385 601 3433 qua
625 3385 653 3419 re
671 3376 698 3418 et
715 3374 789 3434 parte
807 3370 904 3419 laboris
921 3370 1070 3432 supersedit
1087 3375 1114 3418 et
1133 3369 1201 3418 hanc
1219 3369 1313 3418 miram
1332 3384 1421 3418 rerum

195 3457 295 3520 paravit
309 3455 502 3518 condicionem,
519 3459 549 3504 ut
564 3456 755 3518 epigrammata
770 3470 861 3504 revera
875 3456 1010 3519 quondam
1027 3455 1107 3518 lapidi
1121 3455 1217 3518 ineisa,
1233 3470 1301 3518 quae
1315 3459 1421 3503 tantum

194 3542 219 3589 in
241 3540 408 3603 anthologiis
425 3540 559 3601 (Palatina
576 3545 603 3590 et
620 3539 767 3602 Planudea)
785 3541 957 3590 inveniantur
974 3556 1004 3590 ex
1024 3541 1089 3589 libro
1107 3540 1232 3602 exclusit,
1256 3540 1422 3589 demonstra-

194 3627 245 3675 tiva
268 3629 359 3674 autern
385 3625 484 3687 multa,
508 3639 577 3689 quae
601 3631 787 3688 praeterquam
811 3627 839 3674 in
863 3625 1029 3688 Anthologiis
1047 3626 1113 3674 lortc
1131 3639 1146 3673 a
1163 3626 1288 3687 scriptore
1306 3626 1421 3688 quodam

194 3711 345 3771 laudentur,
362 3709 461 3758 ascivit.
480 3709 516 3757 Ex
535 3707 693 3757 Simonideis
711 3704 763 3757 duo
778 3710 899 3772 exempla
914 3711 1007 3759 allerre
1022 3709 1091 3758 licet.
1110 3709 1167 3758 Duo
1182 3714 1275 3759 extant
1290 3711 1422 3772 epigram-

195 3800 265 3842 mata
290 3795 404 3858 gemella
430 3791 526 3856 (eaque
552 3791 771 3847 demonstrativa)
797 3794 823 3842 in
851 3793 932 3843 Antii.
957 3795 1009 3843 Pal.
1029 3793 1082 3842 Vll.
1106 3792 1153 3841 951
1179 3799 1206 3841 et
1229 3791 1278 3841 253
1301 3789 1338 3846 εἷς
1361 3787 1421 3846 τοὺς

196 3873 316 3940 lacteus,
334 3878 367 3926 ci.
385 3875 399 3938 ἓ
417 3875 477 3939 lm]
495 3872 561 3938 μετὰ
578 3874 716 3926 Λεωνίδου
734 3874 860 3932 πεσόντας
878 3876 988 3939 (Simon.
1006 3877 1053 3941 99,
1070 3877 1143 3937 100),
1162 3892 1276 3940 quorum
1296 3878 1336 3927 Pr.
1354 3878 1421 3926 illud

195 3963 324 4026 neglexit,
349 3963 398 4012 hoc
421 3967 512 4011 autern
536 3963 633 4025 recepit
656 3960 710 4022 (Pr.
728 3961 769 4026 8),
793 3964 857 4026 quia
874 3964 955 4012 etiam
973 3964 1085 4012 allertur
1101 3964 1129 4012 in
1147 3961 1259 4012 Sclroliis
1277 3962 1421 4012 Aristideis.

194 4048 229 4097 Ex
253 4047 454 4112 epigrammatis
477 4047 725 4111 Eurymedontiacis
747 4048 829 4111 illud,
855 4049 924 4113 quod
949 4049 1015 4098 mihi
1038 4063 1099 4098 cum
1124 4047 1152 4097 E.
1176 4047 1282 4111 Meyero
1305 4046 1350 4109 (cs.
1376 4049 1422 4096 alt.

195 4149 218 4195 p.
248 4135 273 4183 h.
305 4131 340 4194 c.)
369 4133 516 4196 genuinum
546 4148 603 4182 esse
632 4138 752 4195 constat,
782 4148 834 4182 non
865 4134 1004 4196 respicitur
1033 4131 1122 4194 (unice
1151 4133 1201 4181 ΑΡ.
1228 4131 1282 4181 Vll.
1312 4131 1362 4181 958
1393 4137 1422 4175 ³-

194 4218 291 4268 Simon.
315 4216 391 4280 185);
415 4218 485 4280 quod
510 4217 749 4266 demonstrativum
767 4217 830 4279 (ΑΡ.
848 4218 902 4267 1111.
920 4216 970 4266 998
995 4233 1024 4260 =
1049 4217 1148 4267 Simon.
1165 4215 1240 4280 lla),
1263 4218 1423 4279 assumitur,

196 4307 286 4366 utpote
309 4317 325 4351 a
348 4302 519 4365 scriptoribus
541 4316 650 4365 quoque
673 4303 785 4351 allatum
808 4301 861 4364 (Pr.
879 4301 948 4364 989).
975 4301 1044 4360 Quin
1063 4303 1144 4350 etiam
1162 4302 1295 4365 genuinae
1312 4303 1423 4364 inscrip-

194 4388 291 4449 tiones,
315 4401 431 4450 quarum
454 4386 554 4448 lapides
571 4391 634 4435 sunt
652 4387 763 4450 reperti,
788 4389 877 4449 procul
896 4385 1002 4436 habitae
1020 4392 1084 4434 sunt
1101 4383 1134 4446 (e.
1154 4401 1177 4448 g.
1196 4387 1246 4434 ΑΡ.
1265 4386 1306 4435 Vl.
1325 4385 1374 4435 138
1393 4403 1422 4428 -.

195 4470 256 4522 cm.
282 4469 381 4532 1.381;
407 4471 456 4519 ΑΡ.
475 4471 543 4519 lllll.
560 4469 594 4519 13
612 4487 643 4514 =
661 4470 724 4520 cll.
744 4469 844 4534 1.l03,
869 4471 942 4519 llaib.
961 4470 1024 4533 751,
1049 4471 1144 4534 Loewy
1163 4471 1262 4520 lnsclrr.
1281 4485 1319 4532 gr.
1339 4471 1423 4519 liildlr.

195 4554 234 4618 47,
257 4557 353 4606 Hollm.
377 4553 441 4617 2693
464 4555 514 4606 ΑΡ.
533 4555 652 4604 1111116
677 4573 706 4599 =
732 4555 827 4618 Loewy
845 4553 892 4618 99,
917 4555 1012 4604 Hollm.
1030 4553 1105 4617 381);
1128 4570 1196 4619 quas
1219 4555 1346 4604 asciscere
1370 4570 1422 4603 non

196 4640 357 4704 dubitasset,
381 4641 402 4690 si
426 4640 534 4703 insuper
555 4655 570 4689 a
587 4641 713 4704 scriptore
731 4641 873 4704 nescioquo
891 4667 922 4674 -
941 4645 1023 4704 atque
1040 4643 1105 4690 adeo
1123 4641 1238 4688 maxime
1256 4640 1364 4702 ignobili
1384 4641 1422 4689 vol

197 4727 319 4776 mediocri
337 4751 370 4760 —-
387 4730 477 4774 essent
494 4726 631 4774 adductae.
655 4752 687 4760 -
714 4727 751 4775 De
769 4726 849 4774 huius
867 4726 925 4775 libri
944 4731 1081 4788 practerea
1099 4726 1167 4774 lraud
1188 4739 1285 4787 magna
1303 4725 1368 4787 side,
1392 4726 1424 4774 cl.

197 4808 286 4861 liaibel
303 4812 331 4862 in
350 4825 476 4874 censura,
494 4809 671 4864 Wilarnowitz
690 4825 712 4878 p.
723 4809 786 4874 300,
806 4811 901 4874 Preger
918 4810 972 4878 ipse
991 4811 1021 4866 N.
1033 4811 1099 4862 run.
1110 4810 1187 4860 Rsclr.
1198 4808 1262 4861 1897
1273 4824 1296 4888 p.
1306 4807 1356 4861 139
1366 4825 1390 4859 n.
1401 4809 1425 4860 1,

1291 4892 1325 4948 311
