3546 5724
821 467 859 526 25
1280 465 1299 544 s
1323 467 1377 541 16,
1403 467 1450 526 17.

230 655 357 713 certum
379 655 428 713 eat
454 654 487 711 in
508 654 560 712 illa
581 654 751 712 traditione
772 654 832 712 tria
853 654 1083 729 epigrammata
1105 655 1174 728 ipsa
1197 654 1297 712 luisse
1317 653 1450 728 tradita,

230 770 300 810 oum
321 752 505 827 apparuerit
526 752 666 810 duarum
687 752 831 826 gentium
852 752 1011 826 epitaphia
1033 752 1179 810 consulto
1200 752 1233 809 in
1254 769 1294 810 ea-
1312 752 1453 828 neglecta

229 849 337 907 fuisse.
372 850 484 907 Textui
511 852 616 909 autem
643 850 911 926 epigrammatum
931 853 1028 924 atque
1049 849 1178 908 notitiae
1198 851 1237 908 de
1258 851 1313 925 iis,
1344 850 1399 924 qui
1421 850 1453 908 in

228 946 288 1004 illis
309 950 417 1005 essent
438 948 600 1023 celebrati,
625 949 862 1009 annotationem
884 949 1066 1008 adiunctam
1086 949 1186 1007 luisse
1204 966 1333 1008 necesse
1349 951 1397 1007 est
1415 948 1454 1005 de

228 1045 471 1103 dedicatoribus.
497 1045 609 1118 Itaque
627 1063 665 1103 ex
683 1063 748 1103 uno
765 1046 939 1120 eodemque
955 1046 1041 1103 [onte
1057 1045 1236 1103 derivatum
1252 1048 1300 1103 est
1312 1045 1453 1103 Herodo-

229 1145 313 1201 teum
334 1143 374 1201 de
391 1143 629 1218 epigrammatis
647 1148 742 1219 caput
761 1161 864 1202 omne.
889 1143 981 1212 Quod
1000 1161 1058 1218 pro
1076 1143 1280 1202 annotatione
1297 1143 1450 1217 literaria,

228 1258 324 1315 quam
346 1241 520 1300 narrationi
542 1259 670 1317 pugnae
688 1241 969 1317 Thermopylensis
990 1242 1142 1316 intexuit,
1167 1241 1277 1299 haberi
1298 1244 1410 1316 potest.

268 1339 360 1406 Quod
382 1357 480 1414 supra
504 1339 538 1415 (ξ
563 1337 613 1414 15)
637 1340 807 1398 verisimile
827 1341 1028 1414 dicebamus,
1059 1340 1218 1414 Spartano
1240 1340 1319 1398 ionti
1340 1340 1455 1398 debere

228 1437 425 1496 Herodotum
454 1438 536 1496 banc
562 1440 815 1513 annotationem,
847 1438 878 1496 id
901 1456 959 1513 pro
981 1440 1066 1497 certo
1087 1438 1270 1496 habendum
1292 1441 1340 1495 est
1362 1454 1453 1512 repu-

227 1534 370 1592 tantibus
405 1537 565 1594 continere
600 1536 812 1595 Herodoteam
845 1536 1125 1612 Thermopylensis
1157 1554 1285 1612 pugnae
1316 1535 1454 1610 descrip-

228 1631 342 1689 tionem
376 1633 503 1692 notitias
534 1634 690 1693 literarias
722 1634 877 1693 eiusmodi
909 1635 1008 1709 duas,
1042 1651 1125 1708 quas
1159 1634 1274 1708 Sparta
1300 1633 1454 1691 oriundas

228 1746 297 1787 esse
319 1731 428 1805 negari
450 1735 595 1805 nequeat.
627 1732 709 1790 Sunt
731 1734 837 1791 autem
859 1733 932 1790 hae:

269 1827 316 1886 1.’
341 1829 417 1903 Cap.
436 1830 493 1888 224
516 1833 651 1905 scriptor
670 1834 779 1889 narrat
799 1849 833 1889 se
851 1831 1041 1907 cognovisse
1058 1829 1201 1888 omnium
1220 1832 1450 1901 trecentorum,

228 1925 281 1999 qui
304 1944 377 1984 oum
400 1928 536 1986 Leonida
559 1930 761 2004 cecidissent,
779 1930 929 2002 nomina.
964 1929 1053 1997 Quae
1075 1930 1245 1987 resciscere
1266 1945 1330 1986 non
1353 1928 1454 2002 potuit

228 2024 288 2080 nisi
319 2024 467 2100 Spartae,
498 2027 552 2086 ubi
582 2028 760 2086 Pausanias
789 2046 823 2086 sc
852 2028 971 2086 vidisse
992 2027 1089 2086 tradit
1112 2027 1186 2101 (111.
1214 2025 1259 2083 14.
1287 2023 1316 2100 1)
1340 2043 1377 2084 ex
1399 2025 1453 2084 ad-

229 2138 321 2180 verso
343 2123 456 2182 theatri
478 2122 592 2202 στήλην
613 2122 774 2202 πατρόθεν
795 2121 830 2184 rri
853 2122 993 2201 ὀνόματα
1015 2124 1150 2203 ἔχουσαν
1172 2122 1205 2182 οἳ
1218 2119 1299 2200 πρὸς
1317 2119 1454 2201 111ήὸ0ος

228 2216 279 2278 τὸν
301 2219 333 2279 ἕν
355 2217 577 2298 Θερμοπύλαις
598 2221 707 2300 ἀγῶνα
731 2222 899 2300 ὑπέμειναν
918 2223 970 2298 37).

269 2318 404 2393 Spartae
441 2338 588 2396 quoque,
629 2322 757 2396 opinor,
799 2321 922 2380 audivit
958 2321 1158 2380 narrationes
1194 2321 1233 2378 de
1268 2337 1379 2379 eorum
1414 2338 1454 2378 ex

229 2417 375 2475 trecentis
406 2418 550 2494 casibuS,
585 2420 639 2493 qui
671 2437 799 2495 pugnae
830 2437 893 2478 non
922 2419 1143 2478 interfuissent
1173 2416 1255 2494 (cap.
1280 2417 1452 2490 229-232;

228 2513 285 2572 229
305 2512 439 2590 λέγεται,
463 2516 522 2576 230
543 2514 683 2593 λέγουσι,
708 2517 766 2576 232
788 2514 930 2593 λέγεται).

267 2613 295 2669 2.
341 2613 417 2688 Cap.
442 2615 500 2672 220
522 2616 693 2689 praebetur
713 2616 896 2689 oraculum,
921 2616 1007 2689 quod
1026 2615 1267 2674 consulentibus
1286 2614 1454 2688 Spartanis

229 2709 341 2784 Pythia
370 2711 546 2771 reddidisse
574 2713 815 2788 perhibebatur:
845 2714 912 2771 fore
942 2718 975 2772 ut
1003 2718 1059 2772 aut
1082 2714 1198 2788 Sparta
1219 2715 1454 2771 everteretura

228 2806 373 2866 barbaris
395 2812 451 2868 aut
469 2828 524 2869 rex
542 2812 686 2886 ipsorum
706 2813 831 2887 periret.
859 2813 942 2887 Hoc,
967 2813 1053 2887 quod
1072 2816 1144 2887 post
1161 2813 1310 2869 eventum
1330 2827 1454 2884 compo·

228 2904 323 2963 situm
342 2910 405 2983 est,
426 2909 606 2985 oraculum,
627 2913 658 2968 et
674 2911 793 2969 iactum
814 2909 948 2985 Spartae
966 2913 996 2968 et
1016 2910 1180 2985 vulgatum
1199 2909 1299 2966 luisse
1316 2909 1450 2967 videtur.

267 3004 379 3079 Itaque
410 3008 557 3065 constare
585 3007 662 3065 mibi
691 3008 817 3066 videtur
844 3011 874 3066 et
903 3009 962 3066 bas
990 3007 1212 3067 annotationes
1240 3006 1396 3065 literarias
1424 3009 1454 3064 et

226 3119 295 3160 eam
326 3120 409 3176 quae
439 3107 487 3163 est
517 3105 556 3163 de
587 3106 825 3180 epigrammatis
857 3106 898 3164 ab
930 3105 1093 3165 Herodoto
1123 3105 1257 3180 Spartae
1290 3107 1454 3180 perceptas

226 3218 305 3259 esse.
342 3201 426 3261 Sunt
453 3206 559 3262 autem
589 3204 649 3262 viri
673 3203 773 3279 docti,
805 3205 860 3278 qui
882 3205 960 3262 alias
982 3221 1111 3278 quoque
1132 3204 1325 3262 narrationis
1347 3205 1454 3278 partes

229 3298 406 3374 Spartanae
433 3302 547 3378 origini
575 3302 683 3360 deberi
709 3305 821 3377 putent
842 3300 898 3377 38);
928 3320 1025 3376 quam
1047 3319 1124 3377 prae
1145 3319 1179 3360 se
1200 3302 1283 3360 ferre
1304 3302 1454 3360 Thermo·

226 3398 367 3472 pylensis
382 3416 510 3475 pugnae
523 3399 767 3475 descriptionem
782 3418 910 3461 omnem
925 3401 1003 3459 adeo
1019 3403 1111 3475 sunt,
1133 3400 1188 3474 qui
1204 3397 1450 3474 asseverentur).

258 3592 293 3654 37)
329 3595 467 3644 llircbboll'
483 3611 506 3658 p.
524 3595 547 3643 5.

259 3677 293 3740 3ὃ)
329 3681 364 3728 De
388 3680 432 3741 iis,
457 3695 525 3742 quae
550 3687 693 3729 narrantur
717 3697 771 3745 cap.
789 3681 840 3730 200
865 3708 895 3714 -
918 3681 1020 3730 Cornea
1038 3683 1204 3744 impedivisse
1223 3680 1455 3741 Lacedaemonios,

225 3765 369 3826 quominus
394 3769 481 3813 totum
509 3766 646 3815 mitterent
671 3768 817 3815 exercitum
845 3793 877 3798 —
905 3767 995 3816 llusolt
1021 3764 1062 3814 11².
1090 3765 1139 3814 070
1166 3767 1214 3814 boc
1239 3766 1290 3813 lert
1313 3765 1453 3814 iudicium:

225 3847 304 3896 ‘disse
329 3849 478 3912 Eraiiblung
502 3850 569 3912 zeigt
591 3851 632 3899 die
657 3851 875 3900 Lakedaimonier
900 3867 957 3900 vom
983 3851 1073 3900 bestcn
1099 3850 1198 3898 Willen
1222 3851 1321 3900 beseelt
1343 3850 1395 3897 und
1421 3850 1455 3897 iat

224 3933 344 3982 sicbtlicb
370 3932 495 3996 bemiilrt,
519 3935 719 3997 lrauptsiicblicb
746 3937 787 3985 dic
814 3936 1046 4000 Bondesgenossen
1072 3937 1115 3984 iiii·
1137 3937 1179 3983 die
1205 3936 1379 3998 liataatroplro
1397 3951 1454 3983 rer-

224 4018 392 4067 antwortlicb
416 4033 447 4066 zu
473 4019 592 4067 macben.
616 4018 661 4068 Sic
686 4024 759 4083 lrdpt
783 4022 833 4068 dos
858 4021 982 4084 Gepro‘zpe
1006 4022 1082 4070 einer
1104 4021 1190 4068 durch
1208 4021 1252 4069 die
1269 4019 1456 4082 spartaniaclre
1494 4032 1495 4036 ’

225 4102 380 4165 liepierunp
413 4103 590 4153 verbreiieten
619 4105 802 4167 Dursleltunp.
838 4105 937 4154 Contra
963 4106 1007 4155 Ed.
1036 4105 1126 4168 Meyer
1154 4105 1256 4154 Forscb.
1284 4105 1314 4153 ll.
1341 4104 1390 4153 205
1416 4120 1455 4168 sq.
1482 4095 1483 4100 ¹

225 4188 311 4236 locum
337 4188 408 4236 inter
432 4201 476 4236 eos
503 4195 636 4250 recenset,
668 4188 712 4238 ubi
745 4187 847 4252 ‘Sparta
877 4190 926 4238 mit
955 4190 1066 4240 leicbter
1095 4188 1180 4237 lronie
1206 4189 1349 4237 belrandelt
1375 4189 1455 4251 wird’,

225 4271 257 4320 cl.
275 4272 304 4320 G.
322 4273 346 4320 d.
366 4272 394 4321 Α.
413 4272 457 4320 111.
475 4270 525 4320 370
542 4287 594 4335 sq.:
613 4269 671 4321 ‘ron
690 4272 824 4323 officieller
843 4273 966 4339 Farbung
984 4275 1030 4322 der
1047 4273 1168 4323 Bericbte
1188 4312 1193 4322 .
1213 4312 1217 4321 .
1238 4312 1242 4323 .
1263 4311 1268 4322 .
1288 4288 1395 4336 rermag
1413 4273 1455 4321 ich

226 4357 265 4404 bei
285 4357 343 4405 Her.
363 4358 450 4405 nicbts
469 4373 500 4405 zu
520 4355 625 4406 linden’.
925 4371 928 4375 ·
1217 4403 1220 4406 .

258 4438 292 4501 39)
329 4441 398 4503 Bnry
426 4457 448 4503 p.
466 4438 498 4488 97
525 4455 577 4504 sq.:
606 4438 656 4489 ‘bis
679 4444 812 4491 narrative
837 4444 859 4492 is
883 4444 934 4491 laid
961 4449 1008 4493 out
1031 4444 1071 4492 sor
1095 4443 1141 4491 tbe
1163 4442 1337 4505 glorification
1361 4443 1389 4491 ol
1409 4443 1455 4491 tbe

227 4524 476 4584 Lacedaemoniam,
500 4527 551 4573 and
575 4525 629 4574 tbis
653 4527 768 4590 feature,
794 4528 873 4576 taken
899 4528 978 4592 along
1002 4528 1067 4576 with
1092 4528 1137 4576 tire
1159 4529 1299 4577 anecdotes
1316 4528 1403 4576 wlricb
1423 4528 1455 4576 be

226 4609 375 4658 introduces
393 4610 475 4659 about.
493 4610 650 4659 Demaratus
668 4611 719 4658 and
739 4610 839 4674 Gorgo,
863 4611 972 4662 enables
991 4627 1022 4660 ns
1041 4617 1067 4661 to
1085 4612 1169 4660 attain
1188 4627 1204 4661 a
1224 4614 1305 4660 moral
1324 4613 1455 4675 certainty

226 4693 284 4742 that
309 4695 341 4742 he
368 4695 440 4756 gives
467 4695 568 4757 mainly
592 4695 637 4743 tbe
660 4695 775 4757 Spartan
800 4701 927 4757 account,
955 4697 1040 4746 wlricb
1067 4698 1099 4745 be
1123 4697 1231 4744 learned
1255 4701 1282 4745 at
1305 4696 1406 4759 Sparta*
1430 4702 1457 4745 et

228 4793 299 4840 porro
323 4795 346 4841 p.
363 4777 420 4828 103.
446 4778 557 4843 Grundy
577 4797 599 4843 p.
618 4778 679 4829 314:
704 4777 868 4830 ‘Herodotus'
889 4783 1021 4831 narrative
1041 4817 1046 4828 .
1068 4820 1071 4829 .
1093 4819 1097 4829 .
1118 4819 1121 4827 .
1142 4781 1163 4827 is
1182 4781 1249 4829 from
1269 4781 1411 4843 beginning
1430 4785 1456 4829 10
