3546 5724
805 465 843 536 47
1263 466 1283 553 5
1306 471 1362 553 24,
1386 467 1435 537 25.

208 665 312 741 potest
333 681 372 725 ex
393 661 472 725 aliis.
505 659 597 734 Quod
619 679 692 724 cum
713 661 853 728 conabor
874 665 993 740 facere,
1026 661 1122 723 simul
1143 667 1293 724 nascetur
1315 665 1438 726 occasio

208 765 335 823 termini
363 763 531 823 cuiusdam
558 763 737 838 indicandi,
763 764 848 838 post
875 780 970 837 quem
1001 762 1130 838 Sylloge
1157 765 1227 822 orta
1249 765 1290 822 slt
1313 761 1348 840 (ὅ
1371 761 1435 839 35).

208 863 413 937 Quamquam
444 865 554 937 postea
588 859 622 938 (ξ
652 858 704 936 37)
738 861 910 919 terminum
938 861 1144 920 recentiorem
1172 864 1208 920 ut
1235 861 1438 920 inveniamus

207 978 338 1036 operam
372 961 530 1019 dabImus
576 959 647 1017 Erit
680 958 861 1033 disquisitio
897 961 1007 1017 nostra
1040 959 1079 1017 dc
1110 959 1349 1034 epigrammatis
1382 958 1438 1018 137

207 1059 397 1118 testimoniis
418 1075 595 1133 eorumque
616 1058 776 1117 relatione.

250 1155 341 1234 525.
389 1152 600 1216 Τοείίαιονιία
621 1153 887 1232 epigrammatis
908 1155 981 1218 137,
1026 1157 1220 1215 Pindarus
1242 1174 1315 1214 cum
1337 1156 1437 1215 Xeno·

207 1256 336 1331 phontis
364 1255 519 1315 Corinthii
542 1255 707 1314 victoriam
729 1255 895 1330 Olympiae
916 1255 964 1314 Ol.
989 1254 1027 1314 69
1051 1253 1093 1332 (a.
1119 1254 1190 1329 504)
1213 1257 1339 1330 partam
1361 1255 1437 1312 cele·

206 1354 315 1413 braret
343 1354 484 1414 carmine
512 1353 678 1428 Olympico
700 1353 797 1428 XIII,
830 1349 959 1412 victoris
981 1353 1118 1429 patriam
1139 1370 1213 1411 curn
1235 1352 1304 1411 aliis
1326 1353 1437 1410 extulIt

206 1452 357 1511 laudibus
378 1454 447 1511 tum
468 1452 555 1511 hisce
578 1449 622 1527 (v.
647 1450 686 1510 30
708 1448 812 1527 sqq.):

528 1547 561 1608 ἓν
584 1546 618 1608 δὲ
638 1545 739 1608 Μοῒσ’
759 1545 921 1614 ἁδύπνοος

527 1645 560 1707 ἕν
582 1644 614 1706 δ’
631 1644 749 1725 Ἄρης
770 1644 864 1706 άνδεῖ
881 1645 963 1708 νέων

608 1741 725 1810 οὐλίαις
746 1743 905 1822 αἰχμαῖσιν
926 1740 1063 1820 ἀνδρῶν.

206 1843 253 1902 Ad
277 1844 395 1902 horum
416 1860 569 1902 versuum
591 1842 731 1901 medium
753 1842 871 1916 duplex
892 1843 979 1900 extat
1003 1840 1216 1916 Scholion,
1247 1841 1339 1899 cuius
1360 1859 1436 1917 pars

206 1942 294 2017 prior
321 1941 454 2000 uberius
482 1941 620 1999 continet
648 1940 815 2000 exordium
844 1939 945 2014 partis
967 1939 1116 2014 alteriuS,
1147 1956 1242 2012 quam
1265 1939 1316 1997 hic
1337 1939 1436 1998 habes

208 2037 349 2114 (Boeckh
378 2057 408 2114 p.
433 2039 508 2113 272,
541 2039 745 2097 Drachmann
774 2056 804 2113 p.
829 2037 901 2110 3643
935 2037 1026 2096 codd.
1057 2034 1211 2112 schol:
1245 2033 1297 2095 τὸν
1318 2033 1436 2114 Ἄρην

206 2135 302 2214 φησὶν
323 2135 357 2196 ἕν
378 2132 532 2214 Κορίνθῳ
553 2133 686 2213 λάμπειν
707 2134 815 2196 τείνων
836 2134 878 2202 εἰς
899 2131 935 2194 τὰ
956 2132 1028 2212 περὶ
1049 2131 1207 2211 Περσίδα,
1236 2131 1268 2193 ἐν
1289 2131 1335 2199 οἷς
1355 2132 1435 2211 ὑπὲρ

206 2238 258 2312 τῆς
278 2231 520 2312 τῶνἙλλήνων
541 2233 698 2312 σωτηρίας
718 2230 969 2312 ι’γνδραγάδησαν
991 2231 1021 2292 οί
1041 2229 1216 2310 Κορίνθιοι.
1253 2227 1434 2308 Θεόπομ-

205 2353 278 2399 πος
301 2333 355 2403 (fr.
381 2332 455 2407 170,
480 2332 576 2392 FHG.
602 2333 628 2391 I.
653 2330 725 2406 306)
750 2328 786 2391 δέ
810 2351 888 2410 φησι
914 2328 967 2390 καὶ
993 2327 1060 2397 τὰς
1086 2333 1283 2407 γυναῖκας
1304 2327 1435 2388 αὐτῶν

205 2429 405 2500 εὔξασθαι
436 2434 479 2508 τῇ
507 2426 722 2508 Ἀφροδίτη
751 2427 881 2505 ἔρωτα
910 2427 1101 2505 ἐμπεσεῖν
1128 2431 1211 2494 τοῖς
1239 2425 1436 2504 ἀνδράσιν

205 2527 337 2588 αὐτῶν
362 2525 569 2607 μάχεσθαι
589 2525 689 2604 ὑπὲρ
711 2529 778 2605 τῆς
795 2523 986 2592 Ἑλλάδος
1006 2529 1090 2592 τοῖς
1111 2522 1288 2604 Μήδοις,
1315 2523 1435 2585 εἰσελ-

205 2624 362 2692 ἀούσας
390 2625 445 2692 εἰς
472 2622 513 2685 τὸ
541 2622 652 2702 ἱερὸν
680 2628 745 2702 τῆς
769 2621 1026 2703 Ἀφροδίτης,
1059 2621 1158 2700 ὅπερ
1187 2620 1436 2700 ίδρύσασδαι

206 2723 273 2804 τὴν
309 2721 496 2803 Μήδειαν
532 2721 721 2800 λέγουσιν
753 2719 884 2799 Ἥρας
918 2719 1212 2800 προσταξάσης.
1255 2717 1358 2780 εἶναι
1395 2719 1435 2780 δὲ

205 2821 271 2882 καί
297 2825 369 2883 νῦν
395 2819 760 2899 ἀναγεγραμμένον
781 2818 962 2897 ἐλεγεῖον
983 2816 1150 2879 εἰσιόντι
1172 2817 1228 2885 εἰς
1250 2816 1316 2878 τὸν
1338 2816 1435 2878 ναὸν

205 2919 422 2998 ἀριστερᾶς
449 2917 601 3000 χειρός·

365 3015 429 3076 αίδ’
448 3015 528 3095 ὑπὲρ
546 3013 705 3077 Ἑλλάνων
727 3038 758 3076 τε
778 3013 831 3076 καὶ
853 3013 1099 3095 ἀγχεμάχων
1119 3012 1271 3093 πολιητᾶν

405 3115 576 3176 ἔστασαν
597 3113 817 3194 εὐχόμεναι
838 3111 977 3192 Κύπριδι
999 3111 1161 3192 δαιμονίᾳ·

365 3213 404 3274 οὐ
425 3213 486 3292 γὰρ
507 3212 728 3293 τοξοφόροισιν
748 3212 942 3292 ἐβούλετο
964 3211 1007 3273 δῖ’
1027 3209 1197 3292 Ἀφροδίτα

287 3307 290 3314 ’
405 3309 567 3391 Μήδοις
583 3309 743 3372 Ἑλλάνων
764 3309 938 3390 ἀκρόπολιν
960 3309 1140 3389 δόμεναι.

204 3411 285 3471 Cum
314 3412 598 3486 Theopompus
625 3411 822 3487 epigramma
849 3411 999 3486 praebeat
1025 3426 1251 3486 αιιοιιηινιαοι,
1283 3413 1434 3470 constitu·

203 3510 322 3567 endum
357 3512 406 3568 est
439 3527 513 3568 eum
549 3509 708 3583 accepisse
743 3509 908 3583 antiquam
940 3508 1036 3566 huius
1068 3507 1306 3583 epigrammatis
1337 3509 1433 3566 tradi-

203 3606 320 3666 tionem
351 3603 404 3682 (A)
433 3624 472 3665 ex
500 3625 536 3666 ea
565 3609 667 3666 aetate
694 3609 920 3684 propagatam,
952 3623 1025 3665 cum
1047 3606 1200 3680 antiquus
1222 3623 1291 3663 mos
1314 3606 1434 3681 ulgeret

203 3705 442 3781 epigrammatis
464 3708 589 3781 poetam
610 3723 673 3765 non
697 3705 896 3780 respiciendi.

241 3803 386 3862 Alterum
419 3803 636 3862 testimonium
670 3802 833 3864 invenitur
864 3803 951 3877 apud
984 3802 1251 3861 Plutarchum
1282 3801 1321 3861 de
1352 3802 1429 3861 Her.

203 3902 275 3961 mal.
300 3901 357 3961 871
381 3919 410 3960 a.
448 3900 510 3969 Qui
531 3903 567 3959 ut
589 3901 803 3960 Herodoteam
827 3898 929 3976 (VIII.
954 3898 1006 3977 94)
1030 3900 1246 3959 narrationem
1267 3900 1432 3975 impugnet

202 3999 241 4057 de
269 3997 508 4057 Corinthiorum
537 3999 692 4072 ducisque
719 3998 878 4056 Adimanti
900 3999 933 4056 in
955 4015 1064 4074 pugna
1088 3997 1261 4057 Salaminia
1282 3997 1428 4072 ignavia,

202 4099 232 4155 et
262 4097 324 4156 aha
355 4097 451 4156 affert
481 4098 671 4172 argumenta
703 4100 733 4155 et
761 4097 904 4170 quinque
930 4095 1040 4154 laudat
1068 4095 1315 4171 epIgrammata,
1350 4112 1433 4169 quae

203 4195 322 4270 proelio
344 4195 462 4270 partim
484 4195 636 4270 supparia
658 4198 714 4253 aut
735 4195 852 4270 partim
874 4194 1038 4268 aliquanto
1059 4196 1131 4268 post
1152 4193 1253 4252 incisa
1275 4193 1431 4253 Corinthi-

202 4309 294 4351 orum
324 4310 376 4352 res
405 4294 512 4368 gestas
540 4296 707 4352 testentur.
743 4292 888 4361 Quorum
917 4295 1069 4367 quattuor
1098 4310 1258 4368 anonyma
1286 4292 1430 4368 exhibet,

202 4408 284 4464 quae
314 4391 422 4450 omnia
453 4390 527 4450 alibi
561 4389 717 4449 Simonidi
749 4391 888 4466 ascripta
920 4390 1132 4450 inveniuntur
1165 4388 1249 4466 (epp.
1281 4390 1340 4466 96,
1375 4390 1430 4465 97,
1544 4413 1546 4416 ·

204 4487 275 4565 194,
307 4485 377 4563 98);
406 4489 555 4563 quintum
577 4491 700 4564 autem,
731 4489 818 4563 quod
839 4489 923 4548 idem
944 4490 993 4546 est
1014 4507 1063 4564 ep.
1089 4489 1162 4566 137,
1187 4505 1251 4562 quo
1273 4505 1434 4564 anonymo

203 4586 443 4663 Theopompum
481 4604 577 4645 usum
615 4604 686 4645 esse
723 4587 884 4662 vidimuS,
930 4586 962 4644 id
1000 4588 1052 4646 ille
1089 4587 1199 4646 laudat
1238 4583 1435 4646 Simonidis

203 4684 343 4744 ιιονιίηο
359 4682 573 4761 praeditum.
609 4686 647 4744 In
669 4687 822 4760 quattuor
844 4686 942 4760 igitur
964 4685 1026 4745 illle
1048 4685 1287 4762 epigrammatis
1310 4685 1433 4743 Plutar-

203 4785 281 4843 chus
319 4801 449 4860 quoque
487 4786 582 4843 refert
620 4786 786 4859 antiquam
824 4785 1028 4845 tradItionem
1069 4782 1143 4862 (A),
1186 4785 1289 4859 quinti
1328 4786 1434 4843 autem
