3572 5716
387 475 463 550 Cap.
487 471 555 548 111,
582 472 628 534 19.
970 471 1026 532 174

387 660 495 722 hatte'.
520 661 665 720 Attamen
684 659 775 718 nobis
791 659 999 734 supersedere
1014 659 1163 718 nonlicet
1178 676 1347 735 quaerere,
1368 661 1611 735 pervenerintne

387 761 425 817 iis
443 760 500 816 viis
514 759 547 816 in
564 757 777 832 Cephalanam
793 757 1014 832 Antbologiam
1032 756 1213 815 Simonidea
1231 758 1476 832 epigrammata,
1494 759 1611 832 quibus

386 875 423 916 ea
445 856 616 930 Cephalam
638 855 796 929 accepisse
817 857 907 929 putat
929 871 990 913 v.c.
1015 871 1058 912 so.
1084 871 1123 913 ex
1145 852 1326 914 Herodoto
1344 862 1441 929 atque
1460 854 1612 933 Diogene

388 951 527 1013 Laertio
538 950 602 1029 111).
627 952 752 1011 Etenim
770 952 922 1026 quoniam
938 950 1119 1011 Herodoto
1138 959 1281 1011 4444441
1297 953 1450 1013 Collector
1467 954 1611 1030 Sylloges

389 1051 589 1110 Simonideae
618 1047 653 1126 (ξ
679 1048 747 1125 44),
780 1051 903 1109 Corona
926 1051 1102 1125 Meleagrea
1124 1047 1297 1126 Diopenes
1318 1048 1354 1127 (5
1378 1050 1445 1127 72),
1477 1055 1612 1126 utroque

386 1151 492 1208 autem
521 1148 674 1222 scriptore
702 1148 874 1222 cephalos,
906 1148 975 1206 fleri
1004 1165 1082 1206 sane
1110 1150 1228 1223 potest,
1259 1150 1295 1206 41
1322 1148 1504 1208 Simonidea
1526 1167 1608 1224 epp,

387 1264 469 1322 quae
496 1248 631 1320 uterque
658 1263 731 1304 cum
758 1247 852 1304 Antb.
882 1246 948 1304 Pal.
978 1246 1159 1304 communia
1188 1245 1300 1321 habet,
1331 1264 1396 1305 non
1421 1264 1461 1305 ex
1485 1246 1612 1322 Sylloge

387 1345 455 1403 sive
476 1344 600 1403 Corona
622 1343 705 1418 Mel,
731 1343 786 1402 sed
807 1360 846 1401 ex
867 1343 945 1418 ipsis
967 1343 1177 1417 scriptoribus
1199 1343 1232 1401 in
1254 1344 1426 1419 Cephalam
1447 1344 1608 1402 fluxerint.

387 1443 476 1510 Quae
497 1458 548 1500 res
569 1441 660 1500 facile
680 1440 785 1498 dirimi
806 1442 925 1516 potest,
949 1457 1022 1498 cum
1041 1440 1102 1499 tria
1120 1442 1246 1500 tantum
1265 1440 1447 1499 Simonidea
1464 1441 1612 1516 legantur

387 1541 473 1615 apud
495 1539 691 1598 Herodotum
715 1536 803 1614 (VII.
828 1538 901 1596 228:
923 1556 994 1613 epp.
1019 1536 1067 1596 91.
1093 1537 1147 1613 92,
1173 1536 1243 1614 94),
1268 1539 1397 1598 totidem
1416 1540 1503 1614 apud
1520 1540 1608 1614 Diog.

387 1638 548 1697 Laertium
581 1638 629 1713 (V.
661 1635 699 1695 65
730 1639 760 1694 et
788 1635 823 1694 V.
855 1634 894 1694 68
926 1653 996 1710 epp.
1028 1635 1060 1693 in
1090 1636 1284 1696 Pausaniam
1316 1638 1346 1694 et
1376 1637 1409 1694 in
1438 1637 1608 1711 Acronem,

386 1734 443 1795 IV.
467 1735 505 1794 45
526 1752 575 1809 ep.
601 1735 668 1809 157,
699 1734 739 1792 cf.
766 1731 785 1809 ξ
809 1734 846 1792 72
869 1732 967 1809 sqq).

427 1835 476 1892 Ex
494 1829 725 1910 Diopeaioois
738 1831 977 1907 epigrammatis
993 1832 1116 1890 nullum
1133 1850 1151 1891 a
1166 1832 1322 1906 Cephala,
1344 1850 1416 1890 curn
1431 1834 1612 1907 excerperet

386 1932 474 1990 Vitas
504 1930 556 2006 (ci.
588 1928 608 2007 ς
638 1928 689 2005 73)
718 1932 878 2004 receptum
907 1931 969 2002 est;
998 1947 1046 2006 ep.
1075 1930 1109 1987 in
1137 1930 1351 2005 Pausaniam,
1382 1931 1519 2004 quodsi
1540 1947 1610 1988 cum

387 2031 526 2104 Diogene
546 2045 715 2087 commune
734 2031 799 2101 441,
823 2027 874 2085 1114
897 2027 1052 2086 Simonidi
1073 2027 1262 2086 attributum
1284 2027 1411 2086 exhibet
1429 2029 1461 2086 in
1480 2031 1569 2086 textu
1590 2027 1610 2086 S

388 2127 463 2204 (ΑΡ.
489 2125 563 2185 VII.
588 2124 679 2202 508),
710 2126 761 2185 1414
783 2125 965 2200 Empedocli
987 2126 1187 2201 assignatum
1209 2127 1241 2183 in
1263 2128 1352 2184 textu
1374 2128 1400 2184 A
1423 2126 1476 2202 (cf.
1503 2120 1526 2204 ἕ
1548 2124 1608 2202 75).

386 2225 551 2284 Remansit
578 2225 676 2300 igitur
703 2242 752 2299 ep.
782 2223 813 2281 in
843 2224 904 2282 ΑΡ.
929 2241 968 2282 ex
992 2223 1120 2300 Sylloge
1143 2223 1324 2283 Simonidea
1348 2223 1419 2300 (per
1441 2224 1514 2283 Cor.
1539 2224 1608 2282 Mel.

386 2319 565 2397 traditum).
704 2332 709 2341 “

426 2420 500 2478 Tria
521 2420 750 2494 epigrammata
774 2418 972 2493 Simonidea,
997 2435 1079 2492 quae
1100 2419 1186 2493 apud
1206 2416 1426 2478 Herodotum
1447 2418 1608 2494 leguntur,

386 2517 492 2576 omnia
514 2516 547 2573 14
568 2517 630 2574 ΑΡ.
652 2517 795 2575 redeunt.
824 2517 904 2592 Epp.
926 2516 962 2575 91
985 2518 1015 2574 41
1036 2516 1074 2575 92
1096 2518 1205 2575 extant
1227 2514 1300 2575 VII.
1322 2516 1381 2575 248
1403 2533 1450 2590 sq.
1472 2516 1504 2574 in
1527 2516 1611 2591 prin-

387 2614 467 2689 cipio
494 2614 615 2672 ordinis
646 2613 836 2688 Simonidei,
866 2614 898 2671 in
927 2616 1015 2672 textu
1044 2614 1085 2672 ab
1110 2614 1289 2672 Herodoteo
1312 2611 1380 2689 (ΑΙ)
1402 2613 1531 2671 diverso
1555 2613 1608 2689 (S,

386 2729 425 2770 ex
453 2711 491 2768 ΑΙ
520 2714 550 2769 41
577 2711 618 2767 A²
645 2711 875 2786 contaminate,
907 2712 945 2770 cf.
970 2709 989 2787 ξ
1012 2709 1082 2787 44),
1112 2712 1199 2769 unde
1219 2711 1281 2770 iam
1304 2713 1428 2771 constat
1450 2712 1528 2770 14444
1549 2712 1611 2769 duo

386 2827 456 2886 epp.
478 2826 517 2866 ex
538 2806 678 2885 Sylloge
694 2806 899 2868 Simonidea
915 2810 946 2867 in
966 2809 1027 2867 ΑΡ.
1046 2811 1222 2884 propagata
1240 2826 1319 2868 esse.
1345 2809 1487 2867 Tertium
1506 2826 1555 2884 ep.
1575 2808 1611 2867 94

388 2905 595 2984 (Megistiae),
627 2907 712 2982 quod
740 2907 833 2966 unice
860 2907 945 2982 apud
974 2907 1171 2966 Herodotum
1193 2925 1266 2965 cum
1290 2906 1463 2966 Simonidis
1485 2908 1612 2965 nomine

386 3008 434 3064 441
455 3005 675 3080 coniunctum,
707 3005 740 3062 in
762 3005 823 3063 ΑΡ.
848 3005 889 3064 ab
910 3005 972 3062 illis
992 3005 1185 3079 diremptum
1206 3005 1323 3080 legitur
1345 3002 1419 3062 VII.
1444 3003 1503 3063 677
1525 3005 1611 3062 nullo

274 3103 276 3110 '
386 3103 477 3162 titulo
508 3104 656 3162 ornatum
691 3101 743 3179 (cf.
777 3100 796 3178 ξ
829 3102 867 3162 82
900 3121 931 3161 n.
964 3101 1046 3179 102).
1080 3103 1268 3178 Argumenti
1289 3103 1385 3162 indici
1406 3120 1424 3161 a
1447 3103 1472 3161 L
1494 3103 1611 3177 scripto

386 3200 507 3259 addidit
528 3200 552 3259 Ο
574 3199 672 3258 verba
694 3198 729 3259 ἐκ
751 3204 804 3277 τῆς
825 3199 959 3276 ἱστορίας
977 3196 1162 3276 Ἡροδότου.
1199 3201 1401 3274 Quamquam
1424 3200 1448 3260 O
1471 3201 1521 3259 his
1543 3218 1610 3259 ver-

386 3299 435 3358 bis
464 3299 550 3357 haud
578 3298 643 3356 scio
671 3315 711 3356 an
734 3297 812 3355 nihil
833 3298 937 3357 dicere
957 3298 1093 3356 voluerit
1114 3298 1176 3357 nisi
1197 3315 1246 3373 ep.
1273 3296 1341 3375 topi
1361 3299 1447 3373 apud
1469 3299 1610 3358 Herodo-

385 3401 453 3455 tum
488 3395 562 3471 (alia
591 3395 687 3452 144144
717 3397 809 3454 44144
837 3397 885 3454 441
913 3395 1103 3470 significatio
1132 3393 1188 3454 VI.
1218 3395 1236 3455 6
1265 3412 1348 3470 sqq,
1382 3396 1438 3455 ubi
1466 3414 1484 3454 a
1514 3414 1610 3456 manu

386 3495 488 3570 prima
512 3495 538 3552 A
559 3490 759 3568 ascribitur),
790 3493 901 3567 utique
921 3493 991 3551 lieri
1012 3496 1131 3568 potest,
1162 3496 1198 3552 ut
1219 3494 1279 3552 hoc
1299 3510 1348 3568 ep.
1373 3511 1391 3552 a
1413 3494 1552 3570 Cephala
1574 3511 1610 3552 ex

256 3642 260 3650 ,
386 3593 548 3652 Herodoto
578 3592 782 3666 desumptum
815 3591 865 3649 sit.
900 3592 980 3651 Cum
1012 3596 1119 3650 autem
1150 3609 1206 3666 per
1237 3608 1272 3649 se
1303 3593 1424 3650 constet
1456 3593 1516 3650 hoc
1547 3609 1607 3667 ep..

385 3691 471 3766 quod
495 3689 689 3750 Simonidem
710 3688 816 3762 ipsum
838 3688 1001 3747 dedicasse
1022 3690 1161 3748 traderet
1183 3685 1382 3763 Herodotus,
1407 3689 1611 3748 aOollectore

386 3806 450 3846 444
479 3787 657 3863 neglectum
685 3783 846 3861 esse148),
881 3785 1072 3845 sumendum
1101 3788 1177 3861 erit,
1208 3787 1324 3861 quodsi
1352 3786 1610 3846 constituendum

386 3887 512 3944 videtur
539 3886 572 3943 id
598 3902 635 3943 eo
662 3885 730 3943 1444
759 3901 823 3958 quo
851 3901 938 3942 nunc
965 3884 1089 3959 legatur
1117 3902 1135 3943 a
1161 3885 1299 3960 Cephala
1321 3885 1460 3963 positum
1482 3902 1553 3943 esse
1573 3902 1610 3943 ex

386 3984 547 4043 Herodoto
575 3983 645 4056 ipso
673 3982 822 4056 petitum,
853 3981 884 4038 id
907 3998 925 4039 a
947 3981 1119 4041 Collectore
1139 4000 1178 4041 ex
1199 3983 1361 4042 Herodoto
1383 3984 1561 4058 receptum,
1592 4000 1609 4040 a

385 4080 544 4156 Meleagro
571 4097 610 4137 ex
641 4078 769 4154 Sylloge
789 4078 956 4137 dimissum
979 4080 1088 4138 fuisse.
1123 4081 1193 4139 Non
1215 4097 1349 4154 prorsus
1370 4082 1493 4138 certum
1514 4080 1609 4156 igitur

385 4182 433 4237 est
454 4180 513 4238 hoc
534 4195 602 4252 ep,
634 4178 726 4236 cuius
747 4179 853 4235 textus
874 4177 907 4234 in
929 4177 1117 4252 Anthologia
1140 4195 1211 4237 cum
1233 4177 1414 4236 Herodoteo
1435 4178 1606 4252 consentit,

384 4277 545 4350 integrum
573 4293 592 4333 a
620 4275 792 4334 Collectore
812 4293 851 4333 ex
873 4275 1035 4334 Herodoto
1055 4275 1088 4332 in
1113 4275 1263 4351 Syllogen
1284 4275 1476 4334 translatum
1497 4276 1605 4334 fuisse.

428 4373 503 4432 Sine
530 4373 595 4431 ullo
623 4372 720 4431 dubio
749 4376 833 4432 recta
862 4372 913 4431 via
941 4391 980 4432 ex
1009 4373 1170 4432 Herodoto
1201 4372 1249 4450 (V.
1282 4371 1333 4448 77)
1362 4373 1542 4432 derivatum
1562 4375 1609 4431 est

386 4518 546 4526 ——-

418 4603 465 4667 111)
497 4602 537 4654 ‘ln
562 4619 656 4654 ansere
681 4605 837 4669 Anthologie
861 4605 918 4654 sind
942 4607 1008 4654 viele
1032 4606 1085 4654 alte
1109 4603 1237 4654 Gedichte
1261 4620 1281 4654 z.
1306 4605 1333 4654 B.
1358 4619 1406 4652 aus
1424 4604 1540 4655 Herodot
1557 4605 1606 4653 und

385 4691 457 4753 Diog.
476 4689 596 4739 Laertius
613 4691 789 4753 gelmmmen'‚
807 4692 847 4739 vir
864 4692 896 4740 cl.
914 4692 950 4740 l.l.

418 4772 465 4840 118)
500 4773 537 4824 cf.
556 4772 568 4837 ἓ
586 4773 618 4824 81
637 4790 662 4825 n.
680 4774 737 4826 loa.
