3572 5716
750 485 806 552 na
1216 486 1313 570 soc,
1339 488 1387 552 cr.

162 679 283 740 Hoiim.
309 677 401 756 269),
432 698 472 738 ex
498 679 608 739 eadem
636 680 817 739 collectione
842 697 1000 739 manasse.
1036 681 1118 738 Tum
1139 683 1244 739 autem
1267 681 1391 739 nullum

162 778 296 837 dubium
328 782 438 837 extare
468 781 590 853 potest,
625 779 704 852 quin
735 779 893 853 Meleager
924 779 1025 837 eidem
1057 778 1202 838 debuerit
1232 779 1311 837 fonti
1339 796 1388 854 ep.

162 875 254 935 XIII.
278 877 332 951 15,
364 873 554 951 ἀδέσποτον,
578 876 665 950 quod
684 875 783 950 lapidi
804 876 969 950 quondam
989 877 1179 951 inscriptum
1201 877 1301 935 fuisse
1321 878 1391 935 uni-

162 975 278 1049 cuique
298 977 394 1049 patet.
429 974 678 1032 Admirationem
699 990 828 1032 movere
848 991 913 1032 non
935 977 1053 1048 potest,
1078 975 1165 1048 quod
1186 975 1393 1033 concinnator

161 1072 233 1130 libri
261 1070 363 1146 XIII,
394 1089 468 1131 oum
494 1072 527 1130 in
555 1071 651 1129 Anth.
680 1070 862 1146 Cephalana
893 1069 928 1148 (ξ
951 1069 1003 1146 95)
1026 1072 1169 1146 exempla
1191 1072 1392 1146 conquireret

162 1171 338 1228 metrorum
377 1169 606 1244 dactylicorum
643 1185 717 1226 cum
754 1168 899 1227 iambicis
936 1169 1180 1228 coniunctorum
1218 1170 1267 1228 vel
1302 1170 1392 1229 aliter

162 1284 259 1341 quam
291 1267 437 1326 distichis
468 1267 613 1342 elegiacis
641 1265 874 1340 adhibitorum,
909 1266 1002 1342 elegit
1029 1267 1275 1342 epigrammata,
1309 1285 1393 1342 quae

163 1381 274 1423 revera
306 1365 531 1440 inscriptiones
562 1364 664 1422 tuisse
695 1364 824 1422 scimus.
860 1363 921 1431 Qui
952 1365 1037 1422 enim
1066 1365 1197 1423 Kaibclii
1226 1366 1392 1440 Epigram-

163 1464 247 1520 mata
270 1462 321 1519 vel
343 1479 442 1519 manu
464 1461 621 1536 versavit,
646 1478 710 1520 non
732 1461 875 1536 ignorat,
900 1463 1058 1535 quantum
1079 1463 1111 1520 in
1129 1461 1392 1536 inscriptionibus

163 1559 301 1617 metricis
336 1560 448 1632 poetae
481 1575 500 1616 a
535 1559 661 1634 vulgari
695 1559 798 1616 forma
833 1557 922 1618 abab
954 1560 1100 1618 recedere
1130 1560 1262 1618 soleant.
1309 1559 1392 1619 Sunt

163 1660 267 1714 autem
297 1657 529 1732 epigrammata
556 1656 638 1732 duo,
673 1673 756 1730 quae
783 1657 1005 1731 epigrammati
1033 1655 1127 1716 ΧΠΙ.
1156 1658 1193 1716 15
1221 1658 1288 1715 fere
1316 1661 1393 1716 sunt

163 1755 297 1829 similia,
331 1754 365 1812 in
397 1756 536 1828 utraque
566 1754 651 1812 enim
682 1754 851 1813 cuiusdam
879 1755 940 1812 viri
968 1755 1118 1813 victoriae
1145 1759 1388 1830 enumerantur,

163 1853 302 1910 attamen
338 1848 535 1911 Simonidis
568 1851 697 1910 nomine
729 1855 843 1912 ornata
878 1855 969 1910 sunt:
1005 1870 1054 1927 ep.
1085 1851 1178 1911 XIII.
1211 1852 1247 1909 14
1278 1855 1309 1911 et
1342 1851 1388 1911 19.

164 1949 276 2024 Itaque
307 1967 374 2007 non
402 1949 566 2008 abicienda
593 1953 642 2008 est
670 1951 810 2024 suspicio
837 1950 889 2008 illa
917 1950 1146 2025 epigrammata
1177 1949 1391 2008 Simonideam

164 2049 385 2106 auctoritatem
406 2048 520 2122 adepta
541 2065 612 2106 esse
632 2049 665 2106 in
688 2049 809 2124 sylloge
829 2047 1083 2123 inscriptionum.
1122 2049 1262 2106 Titulum
1283 2065 1331 2123 ep.
1355 2047 1391 2105 14

165 2163 182 2203 a
212 2146 374 2221 Meleagro
407 2142 603 2205 ’ἀδέσποτον
638 2147 802 2220 acceptum
834 2148 944 2221 postea
975 2163 1083 2204 errore
1109 2146 1142 2204 in
1174 2145 1392 2204 Simonideum

165 2260 356 2302 conversum
388 2260 459 2300 esse
488 2260 618 2302 censere
650 2260 714 2301 non
746 2243 826 2302 lieet.
861 2244 941 2302 Nam
974 2261 1039 2305 non
1067 2242 1271 2302 librariorum
1298 2245 1392 2318 culpa

168 2339 340 2399 Simonidis
372 2357 488 2398 nomen
520 2341 693 2399 accessisse
723 2340 850 2399 videtur
880 2341 1122 2416 epigrammati,
1156 2341 1189 2399 in
1220 2340 1285 2415 quo
1316 2342 1392 2400 cele-

167 2435 300 2498 brantur
319 2438 471 2497 victoriae
485 2437 690 2513 Olympiacae
705 2439 800 2513 paulo
815 2441 888 2513 post
902 2438 985 2497 bella
1001 2439 1121 2498 Medica
1138 2442 1316 2514 reportatae
1326 2439 1389 2514 1⁴⁶).

202 2536 436 2611 Agnoscendus
467 2538 572 2594 autem
605 2536 677 2594 talis
709 2552 799 2594 error
830 2536 957 2594 videtur
986 2537 1019 2593 in
1051 2553 1100 2611 ep.
1133 2536 1207 2611 188,
1241 2537 1326 2610 quod
1352 2538 1393 2596 ab

168 2634 404 2708 Hephaestione
431 2651 470 2691 ex
492 2634 617 2694 Corona
639 2634 815 2709 Meleagrea
837 2635 990 2692 haustum
1013 2630 1048 2709 (ᾗ
1071 2631 1123 2708 54)
1147 2637 1310 2693 servatum
1332 2638 1389 2693 est.

165 2731 234 2790 Hoc
261 2749 330 2806 ep.,
361 2732 543 2805 quodcum
565 2732 714 2790 victorias
735 2732 868 2807 Pythias
889 2734 986 2806 atque
1006 2732 1141 2789 Nemees
1163 2735 1231 2790 tum
1252 2731 1393 2807 Olympi-

166 2845 253 2888 acam
275 2829 325 2888 Ol.
347 2828 386 2888 98
409 2828 451 2907 (a.
472 2825 545 2904 388)
568 2831 761 2903 reportatam
783 2829 936 2904 celebrat,
961 2829 1052 2888 facile
1068 2829 1101 2886 in
1118 2830 1200 2887 serie
1215 2830 1392 2904 inscriptio-

167 2944 242 2985 num
270 2927 502 3002 consimilium,
533 2944 671 3000 quarum
700 2944 765 2985 una
793 2927 933 2985 alterave
963 2926 1145 2985 Simonideo
1166 2927 1258 2985 titulo
1279 2930 1393 2986 ornata

166 3027 248 3100 erat,
278 3043 319 3084 ex
348 3025 463 3083 vicinia
489 3027 520 3083 et
551 3024 725 3083 Simonidis
746 3041 879 3099 nomen,
911 3025 996 3098 quod
1019 3042 1112 3082 nemo
1134 3025 1216 3082 serio
1237 3027 1393 3100 epigram-

168 3123 241 3180 mati
261 3123 452 3197 ascripsisse
473 3122 669 3197 putaverim,
693 3124 724 3180 et
741 3123 924 3180 certaminis
939 3139 1053 3180 nomen
1064 3117 1191 3200 Ἰσθμια
1207 3140 1266 3197 pro
1282 3119 1393 3181 Πύθια

166 3221 303 3278 traxisse
323 3220 451 3278 videtur
473 3218 527 3297 (cf.
548 3216 621 3295 ll).

206 3318 254 3375 Ex
282 3318 528 3392 inscriptionum
556 3318 678 3392 sylloge
705 3317 813 3375 itidem
841 3334 860 3375 a
888 3317 1046 3391 Meleagro
1071 3318 1204 3393 petitum
1224 3335 1296 3376 esse
1317 3321 1394 3393 puto

168 3431 214 3488 ep.
236 3415 311 3490 152,
336 3415 424 3488 quod
445 3415 639 3473 Pausaniam
660 3432 699 3472 ex
721 3413 846 3473 Corona
869 3415 1047 3488 sumpsisse
1068 3416 1217 3490 apparuit
1240 3413 1259 3492 ξ
1282 3415 1330 3475 65.

208 3510 300 3588 §uu
350 3510 553 3586 Quaeritur,
589 3529 674 3572 nuru
707 3509 875 3588 Cephalus
903 3529 939 3572 ee
967 3510 1050 3572 aliis
1077 3512 1232 3572 fontibus
1253 3514 1395 3589 praeter

173 3606 344 3668 Coronam
389 3608 618 3686 Meleagream
664 3607 870 3669 Simoniden
918 3609 1175 3686 epigrammata
1217 3609 1390 3685 petiverit.

171 3707 427 3766 Demonstratum
454 3710 503 3766 est
533 3706 552 3784 ξ
580 3706 620 3766 38
643 3708 874 3782 epigrammata
898 3707 1079 3767 Simonidea
1101 3707 1216 3766 codicis
1238 3707 1390 3782 Palatini,

169 3808 327 3877 quatenus
353 3823 463 3864 eorum
492 3807 574 3866 tituli
602 3823 666 3864 non
695 3809 767 3881 post
796 3806 967 3881 cephalam
992 3805 1197 3864 librariorum
1218 3804 1311 3878 culpa
1332 3805 1394 3862 orti

168 3907 289 3979 essent,
323 3904 364 3962 ab
396 3905 448 3962 illo
479 3905 648 3979 desumpta
676 3922 747 3962 esse
773 3922 812 3962 ex
839 3906 965 3964 Corona
993 3904 1159 3978 Meleagri,
1194 3903 1250 3976 qui
1278 3919 1394 3960 rursus

168 4003 396 4077 epigrammata
423 4003 476 4060 illa
504 4003 643 4076 exceptis
670 4003 726 4076 iis,
756 4019 840 4076 quae
867 4002 900 4059 in
929 4003 1054 4061 Corona
1080 4001 1258 4059 scribarum
1280 4001 1395 4058 fraude

172 4096 387 4158 Simonideum
408 4101 535 4158 titulum
557 4100 671 4173 adepta
692 4103 815 4172 essent,
839 4099 1002 4158 debuisset
1019 4098 1167 4173 Syllogae
1181 4097 1391 4156 Simonideae.

170 4196 260 4256 Caret
278 4198 377 4273 igitur
393 4198 478 4255 iusto
495 4199 704 4257 fundamento
720 4198 947 4256 Wilamowitzii
965 4198 1072 4271 opinio
1091 4196 1258 4255 scribentis
1275 4215 1305 4271 p.
1320 4196 1392 4255 318:

173 4291 269 4369 ‘yona
295 4293 428 4372 windiy
455 4297 496 4354 ist
517 4296 574 4353 der
598 4295 748 4370 Schluss,
779 4294 856 4353 dass
878 4295 924 4352 sie
946 4292 1188 4371 (epigrammata
1213 4294 1394 4353 Simonidea

170 4391 375 4468 Anthologiae
404 4392 486 4467 Pal.)
516 4411 576 4452 aus
603 4394 760 4468 Meleager
788 4396 945 4451 stammen
968 4394 1129 4467 miissten,
1160 4393 1228 4450 weil
1250 4393 1295 4450 sie
1316 4393 1396 4451 iilter

169 4487 216 4546 als
236 4508 271 4549 er
290 4491 381 4566 sind,
405 4491 472 4549 und
491 4510 526 4550 er
544 4492 702 4550 natiirlioh
721 4490 964 4549 simonideischc
980 4491 1131 4551 chichte
1148 4491 1394 4565 anigenommen

172 4632 327 4642 Ἢ

205 4711 249 4774 ¹⁴⁶)
283 4715 409 4764 Dandidis
426 4716 550 4764 victoriae
568 4721 632 4764 sunt
649 4713 689 4764 01.
707 4713 739 4763 76
756 4720 784 4763 et
801 4713 832 4763 77
851 4713 885 4771 (a.
898 4713 955 4777 liu,
969 4714 1038 4775 479),
1056 4716 1088 4764 ci.
1103 4715 1217 4778 Rutgers
1230 4716 1308 4763 hiric.
1322 4731 1344 4777 p.
1355 4715 1395 4776 40,

172 4794 266 4847 Robert
283 4799 370 4847 Herm.
388 4797 429 4848 35.
446 4798 513 4848 1900
531 4814 554 4862 p.
572 4798 629 4848 tol.
661 4799 696 4848 lle
714 4799 856 4848 Nicoladae
873 4797 925 4861 (ep.
944 4799 1013 4846 Xlll.
1030 4798 1075 4859 19)
1092 4804 1180 4848 aetate
1199 4799 1265 4846 nihil
1283 4803 1393 4847 constat.
