3546 5724
793 488 830 546 ar
1257 483 1276 561 a
1302 485 1348 560 rr,
1374 486 1420 543 ra.

199 677 289 751 poeta
320 675 361 734 ab
391 675 677 750 Amphictyonihus
709 674 880 749 invitatuS,
916 678 951 733 ut
981 675 1220 752 epigrammatis
1252 675 1423 734 celebraret

197 776 374 834 occisorum
406 773 609 849 memoriam,
645 791 703 849 pro
735 774 837 848 vatis,
873 776 981 849 utpote
1006 774 1148 849 -hospitis
1180 774 1249 848 sui,
1285 774 1424 833 carmine

198 873 318 931 donum
346 872 488 947 accipere
515 873 679 931 noluisset.
715 873 764 930 Ex
792 871 889 931 fontis
919 877 1025 932 autem
1053 872 1296 948 investigatione
1317 871 1423 931 didici-

198 987 270 1030 mus
298 971 380 1029 duas
409 970 486 1030 alias
507 970 710 1044 quaestiones
732 987 802 1028 esse
823 970 862 1028 de
884 969 1036 1028 Herodoti
1057 970 1135 1028 fide:
1170 968 1200 1045 1)
1230 986 1423 1027 memorave-

198 1069 279 1127 ritne
310 1071 356 1126 tot
386 1068 511 1143 cippoS,
546 1071 624 1142 quot
655 1068 842 1126 statuissent
876 1068 1121 1143 Amphictyones
1128 1085 1136 1140 ;
1167 1066 1199 1143 2)
1234 1067 1424 1142 praebeatne

197 1167 374 1242 genuinum
395 1167 662 1242 epigrammatum
683 1168 815 1224 textum.

237 1264 432 1339 Incipiamus
454 1282 472 1322 a
494 1265 680 1339 quaestione
700 1265 740 1323 de
761 1265 927 1339 cipporum
949 1281 1092 1322 numero.
1122 1265 1191 1322 Iam
1214 1263 1291 1322 satis
1313 1280 1423 1338 super·

196 1379 259 1436 que
286 1362 435 1436 apparuit
462 1362 661 1420 Herodotum
689 1363 749 1420 hac
776 1363 808 1420 in
835 1379 869 1420 re
890 1379 1002 1420 verum
1024 1379 1088 1420 non
1110 1361 1244 1420 tradere.
1280 1361 1425 1418 Fuerunt

196 1459 355 1534 quinque,
390 1476 453 1518 non
486 1462 550 1518 tres
579 1459 669 1535 pilae.
705 1459 923 1518 Peculiaribus
952 1459 1098 1518 honorati
1126 1462 1202 1517 sunt
1231 1457 1330 1517 titulis
1358 1460 1423 1516 tres

196 1557 267 1616 illae
285 1562 409 1633 gentes,
431 1575 513 1632 quae
531 1563 603 1632 post
621 1560 798 1617 ceterarum
818 1551 979 1632 receptum
997 1558 1082 1616 solae
1100 1557 1206 1615 Persis
1224 1556 1422 1614 rest'terunt:

198 1653 393 1730 Spartiatae,
427 1655 655 1730 Thespienses,
690 1643 843 1714 Thebani.
879 1655 1035 1714 Peculiari
1063 1671 1191 1728 quoque
1218 1653 1424 1728 inscriptione

196 1752 352 1810 celebrata
377 1755 424 1810 est
446 1753 529 1811 vatis
550 1753 722 1827 memoria,
753 1753 808 1827 qui
830 1752 909 1810 alter
929 1752 1144 1826 Amphiaraus
1164 1750 1204 1826 42)
1227 1752 1423 1826 exploratam

196 1849 367 1924 perniciem
398 1867 462 1908 non
493 1849 621 1925 effugit3
655 1868 757 1909 unum
789 1867 957 1909 commune
988 1849 1184 1925 epigramma
1213 1849 1320 1908 nancti
1348 1851 1423 1906 sunt

196 1965 322 2021 omneS,
354 1949 410 2022 qui
436 1948 468 2005 in
497 1947 625 2023 proeliis
652 1947 871 2023 superioribus
894 1947 1106 2006 conciderant.
1142 1947 1235 2016 Quod
1257 1964 1314 2005 cur
1336 1946 1422 2004 Pelo·

196 2045 358 2119 pennesiis
376 2045 565 2120 inscriptum
585 2046 642 2120 sit,
667 2062 754 2104 nunc
774 2045 827 2121 (ci.
851 2043 870 2122 ξ
892 2043 942 2120 12)
954 2045 1054 2104 'facile
1071 2047 1212 2120 apparet.
1238 2044 1422 2103 Ceterarum

196 2142 278 2200 enim
310 2143 472 2218 gentium,
508 2161 590 2216 quae
621 2142 683 2200 illis
715 2143 931 2201 interfuerunt
962 2142 1100 2219 pugnis,
1135 2142 1236 2217 duae,
1272 2143 1422 2200 Thebana

196 2239 480 2315 Thespiensisque,
513 2240 728 2314 peculiaribus
757 2241 857 2299 titulis
885 2240 948 2300 iam
977 2244 1067 2300 erant
1089 2242 1290 2315 honestatae,
1321 2240 1419 2314 duae,

197 2338 363 2396 Locrensis
387 2337 638 2412 Phocensisque,
666 2337 799 2412 insuper
819 2328 988 2412 evocatae,
1009 2339 1169 2396 communi
1192 2338 1287 2397 saluti
1308 2355 1423 2412 parum

196 2436 439 2510 consuluerant,
464 2452 561 2509 quam
580 2437 614 2493 ut
633 2436 792 2511 neglectos
812 2453 845 2494 sc
860 2453 931 2494 esse
947 2453 1041 2511 aegre
1057 2437 1140 2494 ferre
1155 2434 1338 2512 possent&
1358 2435 1419 2510 16).

197 2533 264 2593 Hoc
286 2551 334 2608 ep.
359 2536 522 2608 praeterea
543 2534 574 2591 in
598 2536 708 2609 gentes
728 2534 917 2609 praecipuae
935 2552 1063 2615 pugnae
1081 2534 1250 2609 participes
1269 2534 1423 2608 scriptum

196 2648 266 2690 esse
287 2631 461 2706 dicebatur,
487 2649 526 2690 ne
548 2631 759 2706 Thespienses
780 2632 864 2690 iusto
886 2632 1006 2690 honore
1028 2632 1143 2706 privati
1166 2632 1359 2690 viderentur.

235 2729 386 2788 Notitiam
414 2730 453 2788 de
484 2729 646 2788 Simonide
674 2730 837 2806 Megistiae
861 2730 1078 2805 inscriptionis
1099 2731 1294 2805 dedicatore,
1326 2749 1422 2805 quam

195 2827 257 2885 iam
286 2845 343 2902 per
371 2845 405 2885 se
426 2827 480 2885 vix
502 2827 616 2886 falsam
637 2844 708 2886 esse
729 2845 824 2902 posse
845 2828 955 2885 monui
978 2826 1017 2904 (ξ1
1038 2826 1106 2903 12),
1138 2845 1241 2903 nuno,
1273 2847 1345 2886 curn
1367 2847 1423 2903 pcr

198 2925 375 3000 Spartiatas
406 2943 476 2983 eam
508 2927 668 2983 servatam
700 2942 770 2995 esse
801 2926 969 3000 apparuit,
1009 2944 1073 2984 non
1107 2945 1215 2985 veram
1248 2944 1318 2984 csse
1350 2927 1422 3000 quis

196 3021 379 3097 putaverit?
411 3022 500 3091 Quae
527 3023 612 3082 enim
641 3040 720 3099 gens
749 3024 977 3082 accuratiorem
1006 3024 1242 3098 Spartiatarum
1263 3025 1421 3082 honorum

197 3119 305 3196 (atquc
335 3121 368 3178 in
400 3121 439 3179 iis
470 3121 634 3197 Megistiae
664 3121 775 3180 laudes
808 3120 1022 3197 habebantur)
1057 3123 1259 3181 traditionem
1287 3123 1423 3180 coluisse

195 3219 352 3277 censenda
374 3222 438 3293 cst,
470 3237 567 3293 quam
592 3220 751 3294 Spartana
773 3219 868 3294 ipsa?
901 3220 991 3288 Quae
1012 3221 1098 3295 apud
1119 3221 1190 3279 illos
1213 3220 1339 3295 vigebat
1360 3223 1422 3279 tra-

195 3316 286 3392 ditio,
310 3335 347 3375 ea
369 3317 410 3375 ad
431 3317 534 3391 ipsam
557 3320 836 3376 monumentorum
855 3319 1084 3377 extructionem
1104 3336 1268 3376 recurrere
1285 3319 1419 3376 videtur.

197 3413 375 3473 Simonides
404 3415 489 3488 quod
518 3433 577 3490 pro
599 3415 762 3490 Megistiae
783 3416 1012 3492 epigrammate
1033 3417 1199 3491 pecuniam
1224 3417 1419 3491 repudiavit,

195 3529 252 3585 pro
272 3513 385 3572 ceteris
406 3513 547 3588 accipere
569 3531 633 3572 non
656 3514 777 3572 veritus
799 3517 863 3589 est,
888 3515 1033 3573 homines
1055 3515 1170 3589 movit,
1195 3518 1230 3573 ut
1248 3533 1321 3572 eum
1341 3515 1422 3572 vatis

194 3609 409 3685 inscriptionis
431 3610 642 3670 dedicatorem
665 3612 846 3686 proderent.
874 3613 943 3670 Dixi
965 3630 1024 3688 pro
1045 3611 1164 3673 ceteris
1184 3612 1422 3688 epigrammatis

195 3707 221 3766 ei
248 3709 426 3782 praemium
455 3708 595 3768 solutum
621 3727 701 3768 esse.
736 3711 816 3768 Nam
838 3711 914 3785 hoc,
945 3711 1074 3785 opinor,
1107 3729 1194 3769 nunc
1215 3711 1284 3768 luce
1305 3709 1422 3768 elarius

195 3807 240 3864 est
270 3805 466 3864 Simonidem
496 3825 559 3865 non
588 3808 692 3866 solum
714 3813 838 3882 poetam
860 3809 961 3867 fuisse
982 3809 1248 3884 epigrammatum
1271 3807 1422 3880 Pelopon-

195 3905 355 3962 nesiorum
383 3907 480 3978 atque
510 3905 762 3981 Spartiatarum,
795 3891 934 3981 quorum
964 3907 1115 3965 memoria
1144 3906 1233 3964 iuxta
1256 3904 1338 3962 vatis
1359 3903 1422 3978 epi·

195 4019 337 4076 gramma
359 4005 487 4061 servata
509 4006 573 4076 est,
599 4004 654 4062 sed
676 4004 770 4062 etiam
792 4005 1037 4079 Thespiensium
1060 4008 1155 4079 atque
1177 4003 1420 4075 Thebanorum,

195 4102 275 4172 quae
293 4099 427 4174 periisse
442 4100 696 4160 demonstratum
712 4102 840 4162 ivimus.
865 4104 1114 4178 Amphictyones
1131 4102 1283 4160 nimirum
1299 4102 1423 4175 poetam

195 4196 423 4273 invitaverant,
455 4200 489 4255 ut
518 4215 653 4274 ornnes,
678 4217 766 4273 ,quos
795 4204 972 4260 statuerent
1002 4201 1129 4277 cippos,
1160 4201 1180 4259 i.
1212 4218 1238 4258 e.
1271 4197 1426 4276 pariaque

195 4295 332 4354 carmine
353 4299 523 4354 exornaret
545 4293 596 4370 43).

225 4543 260 4606 ⁴²)
296 4547 434 4618 Wecklein
457 4562 479 4609 p.
498 4546 554 4597 288.

226 4628 259 4691 43)
295 4631 341 4679 Vel
352 4632 388 4680 sic
398 4632 803 4696 demonstraturThespiensium
816 4635 979 4697 epitaphium
988 4633 1159 4696 (Philiadae),
1169 4636 1200 4683 de
1210 4650 1262 4697 quo
1272 4635 1304 4683 ef.
1314 4650 1374 4683 anri.
1385 4634 1427 4682 232

195 4717 338 4776 genuinum
357 4715 521 4779 epigramma
538 4732 589 4766 aron
608 4733 677 4779 esse,
696 4719 739 4768 sed
759 4719 1014 4779 darnonstratirum3
1034 4719 1205 4768 Locrensium
1219 4724 1308 4767 autern
1320 4734 1425 4768 carmen

195 4801 336 4862 sepulcrale
354 4797 400 4860 (cll
416 4815 478 4849 arrn.
496 4799 539 4862 3⁸2)
559 4807 658 4850 temere
676 4802 747 4852 inter
764 4802 916 4853 Simonidea
934 4803 991 4866 (93)
1008 4818 1066 4853 esse
1084 4808 1231 4864 receptum.
