<?xml version="1.0" encoding="UTF-8"?>
<!DOCTYPE html PUBLIC "-//W3C//DTD XHTML 1.0 Transitional//EN"
    "http://www.w3.org/TR/xhtml1/DTD/xhtml1-transitional.dtd">
<html xmlns="http://www.w3.org/1999/xhtml" xml:lang="en" lang="en">
 <head>
  <title>
</title>
<meta http-equiv="Content-Type" content="text/html;charset=utf-8" />
  <meta name='ocr-system' content='tesseract 3.04.00' />
  <meta name='ocr-capabilities' content='ocr_page ocr_carea ocr_par ocr_line ocrx_word'/>
</head>
<body>
  <div class='ocr_page' id='page_1' title='image "./deepigrammatiss00boasgoog_0084.png"; bbox 0 0 3546 5724; ppageno 0'>
   <div class='ocr_carea' id='block_1_1' title="bbox 394 462 1024 547">
    <p class='ocr_par' dir='ltr' id='par_1_1' title="bbox 394 462 1024 547">
     <span class='ocr_line' id='line_1_1' title="bbox 394 462 1024 547; baseline -0.005 -15"><span class='ocrx_word' id='word_1_1' title='bbox 394 467 469 547; x_wconf 82' lang='lat' dir='ltr'><strong>Cap.</strong></span> <span class='ocrx_word' id='word_1_2' title='bbox 498 467 541 532; x_wconf 90' lang='lat'><strong>11.</strong></span> <span class='ocrx_word' id='word_1_3' title='bbox 952 462 959 474; x_wconf 73' lang='grc'><strong>“</strong></span> <span class='ocrx_word' id='word_1_4' title='bbox 987 463 1024 530; x_wconf 81' lang='lat'><strong>62</strong></span> 
     </span>
    </p>
   </div>
   <div class='ocr_carea' id='block_1_2' title="bbox 393 657 1683 4363">
    <p class='ocr_par' dir='ltr' id='par_1_2' title="bbox 393 657 1620 833">
     <span class='ocr_line' id='line_1_2' title="bbox 393 657 1620 736; baseline 0 -17"><span class='ocrx_word' id='word_1_5' title='bbox 393 660 493 720; x_wconf 90' lang='lat' dir='ltr'><strong>multo</strong></span> <span class='ocrx_word' id='word_1_6' title='bbox 510 659 662 718; x_wconf 87' lang='lat' dir='ltr'><strong>nobilius:</strong></span> <span class='ocrx_word' id='word_1_7' title='bbox 679 657 822 718; x_wconf 92' lang='lat' dir='ltr'><strong>omnium</strong></span> <span class='ocrx_word' id='word_1_8' title='bbox 838 661 1059 719; x_wconf 90' lang='lat' dir='ltr'><strong>matronarum</strong></span> <span class='ocrx_word' id='word_1_9' title='bbox 1076 657 1330 734; x_wconf 83' lang='lat' dir='ltr'><strong>Corinthiarum,</strong></span> <span class='ocrx_word' id='word_1_10' title='bbox 1349 675 1432 736; x_wconf 88' lang='lat' dir='ltr'><strong>quac</strong></span> <span class='ocrx_word' id='word_1_11' title='bbox 1446 658 1620 736; x_wconf 87' lang='lat' dir='ltr'><strong>precationi</strong></span> 
     </span>
     <span class='ocr_line' id='line_1_3' title="bbox 393 757 945 833; baseline -0.002 -16"><span class='ocrx_word' id='word_1_12' title='bbox 393 758 629 833; x_wconf 78' lang='lat' dir='ltr'><strong>interfuissent,</strong></span> <span class='ocrx_word' id='word_1_13' title='bbox 653 757 791 817; x_wconf 82' lang='lat' dir='ltr'><strong>statuae</strong></span> <span class='ocrx_word' id='word_1_14' title='bbox 811 773 945 818; x_wconf 80' lang='lat' dir='ltr'><strong>aeneae.</strong></span> 
     </span>
    </p>

    <p class='ocr_par' dir='ltr' id='par_1_3' title="bbox 393 855 1683 2401">
     <span class='ocr_line' id='line_1_4' title="bbox 434 855 1618 930; baseline 0.001 -15"><span class='ocrx_word' id='word_1_15' title='bbox 434 857 604 916; x_wconf 87' lang='lat' dir='ltr'>Videamus</span> <span class='ocrx_word' id='word_1_16' title='bbox 619 872 706 914; x_wconf 92' lang='lat' dir='ltr'><strong>nunc</strong></span> <span class='ocrx_word' id='word_1_17' title='bbox 720 855 759 914; x_wconf 91' lang='lat' dir='ltr'><strong>de</strong></span> <span class='ocrx_word' id='word_1_18' title='bbox 770 855 906 914; x_wconf 92' lang='lat' dir='ltr'><strong>Timaeo.</strong></span> <span class='ocrx_word' id='word_1_19' title='bbox 932 856 1016 913; x_wconf 92' lang='lat' dir='ltr'><strong>Eum</strong></span> <span class='ocrx_word' id='word_1_20' title='bbox 1030 855 1218 930; x_wconf 83' lang='lat' dir='ltr'><strong>praebuisse</strong></span> <span class='ocrx_word' id='word_1_21' title='bbox 1232 856 1372 915; x_wconf 87' lang='lat' dir='ltr'><strong>vidimus</strong></span> <span class='ocrx_word' id='word_1_22' title='bbox 1384 856 1618 917; x_wconf 72' lang='lat' dir='ltr'>chamaeleonti</span> 
     </span>
     <span class='ocr_line' id='line_1_5' title="bbox 393 950 1618 1030; baseline 0.001 -18"><span class='ocrx_word' id='word_1_23' title='bbox 393 956 516 1014; x_wconf 91' lang='lat' dir='ltr'><strong>textum</strong></span> <span class='ocrx_word' id='word_1_24' title='bbox 543 970 560 1011; x_wconf 93' lang='lat' dir='ltr'><strong>a</strong></span> <span class='ocrx_word' id='word_1_25' title='bbox 583 952 804 1028; x_wconf 91' lang='lat' dir='ltr'><strong>Theopompeo</strong></span> <span class='ocrx_word' id='word_1_26' title='bbox 827 950 879 1029; x_wconf 87' lang='lat' dir='ltr'><strong>(A)</strong></span> <span class='ocrx_word' id='word_1_27' title='bbox 903 954 1066 1012; x_wconf 87' lang='lat' dir='ltr'><strong>diversum</strong></span> <span class='ocrx_word' id='word_1_28' title='bbox 1091 953 1123 1013; x_wconf 89' lang='lat' dir='ltr'><strong>S.</strong></span> <span class='ocrx_word' id='word_1_29' title='bbox 1159 954 1351 1013; x_wconf 91' lang='lat' dir='ltr'><strong>Traditionis</strong></span> <span class='ocrx_word' id='word_1_30' title='bbox 1373 957 1479 1013; x_wconf 91' lang='lat' dir='ltr'><strong>autem</strong></span> <span class='ocrx_word' id='word_1_31' title='bbox 1503 954 1524 1014; x_wconf 98' lang='lat' dir='ltr'>S</span> <span class='ocrx_word' id='word_1_32' title='bbox 1548 972 1618 1030; x_wconf 89' lang='lat' dir='ltr'><strong>pro·</strong></span> 
     </span>
     <span class='ocr_line' id='line_1_6' title="bbox 393 1049 1618 1128; baseline 0 -18"><span class='ocrx_word' id='word_1_33' title='bbox 393 1052 500 1126; x_wconf 91' lang='lat' dir='ltr'><strong>prium</strong></span> <span class='ocrx_word' id='word_1_34' title='bbox 520 1051 621 1109; x_wconf 86' lang='lat' dir='ltr'><strong>fuisse</strong></span> <span class='ocrx_word' id='word_1_35' title='bbox 642 1051 832 1110; x_wconf 88' lang='lat' dir='ltr'><strong>elementum</strong></span> <span class='ocrx_word' id='word_1_36' title='bbox 854 1054 1034 1112; x_wconf 90' lang='lat' dir='ltr'><strong>statuarum</strong></span> <span class='ocrx_word' id='word_1_37' title='bbox 1057 1050 1135 1127; x_wconf 90' lang='lat' dir='ltr'><strong>(non</strong></span> <span class='ocrx_word' id='word_1_38' title='bbox 1157 1049 1297 1128; x_wconf 90' lang='lat' dir='ltr'><strong>tabulae)</strong></span> <span class='ocrx_word' id='word_1_39' title='bbox 1321 1052 1416 1127; x_wconf 92' lang='lat' dir='ltr'><strong>paulo</strong></span> <span class='ocrx_word' id='word_1_40' title='bbox 1434 1053 1508 1111; x_wconf 89' lang='lat' dir='ltr'><strong>ante</strong></span> <span class='ocrx_word' id='word_1_41' title='bbox 1523 1069 1618 1126; x_wconf 91' lang='lat' dir='ltr'><strong>appa-</strong></span> 
     </span>
     <span class='ocr_line' id='line_1_7' title="bbox 394 1148 1619 1224; baseline 0 -16"><span class='ocrx_word' id='word_1_42' title='bbox 394 1151 467 1209; x_wconf 89' lang='lat' dir='ltr'><strong>ruit.</strong></span> <span class='ocrx_word' id='word_1_43' title='bbox 492 1148 562 1217; x_wconf 84' lang='lat' dir='ltr'><strong>Qua</strong></span> <span class='ocrx_word' id='word_1_44' title='bbox 584 1166 623 1208; x_wconf 89' lang='lat' dir='ltr'><strong>ex</strong></span> <span class='ocrx_word' id='word_1_45' title='bbox 645 1166 679 1207; x_wconf 91' lang='lat' dir='ltr'><strong>re</strong></span> <span class='ocrx_word' id='word_1_46' title='bbox 700 1149 845 1223; x_wconf 91' lang='lat' dir='ltr'><strong>sequitur</strong></span> <span class='ocrx_word' id='word_1_47' title='bbox 867 1149 1142 1209; x_wconf 80' lang='lat' dir='ltr'><strong>Chamaeleontem</strong></span> <span class='ocrx_word' id='word_1_48' title='bbox 1164 1150 1250 1224; x_wconf 91' lang='lat' dir='ltr'><strong>apud</strong></span> <span class='ocrx_word' id='word_1_49' title='bbox 1271 1150 1435 1208; x_wconf 90' lang='lat' dir='ltr'><strong>Timaeum</strong></span> <span class='ocrx_word' id='word_1_50' title='bbox 1457 1150 1619 1208; x_wconf 91' lang='lat' dir='ltr'><strong>invenisse</strong></span> 
     </span>
     <span class='ocr_line' id='line_1_8' title="bbox 393 1247 1615 1322; baseline -0.002 -15"><span class='ocrx_word' id='word_1_51' title='bbox 393 1247 540 1308; x_wconf 78' lang='lat' dir='ltr'><strong>statuae.</strong></span> <span class='ocrx_word' id='word_1_52' title='bbox 585 1247 623 1305; x_wconf 93' lang='lat' dir='ltr'><strong>Id</strong></span> <span class='ocrx_word' id='word_1_53' title='bbox 644 1264 772 1321; x_wconf 90' lang='lat' dir='ltr'><strong>quoque</strong></span> <span class='ocrx_word' id='word_1_54' title='bbox 793 1264 832 1306; x_wconf 91' lang='lat' dir='ltr'><strong>ex</strong></span> <span class='ocrx_word' id='word_1_55' title='bbox 852 1247 937 1305; x_wconf 92' lang='lat' dir='ltr'><strong>illius</strong></span> <span class='ocrx_word' id='word_1_56' title='bbox 958 1249 1047 1307; x_wconf 91' lang='lat' dir='ltr'><strong>textu</strong></span> <span class='ocrx_word' id='word_1_57' title='bbox 1068 1247 1307 1322; x_wconf 84' lang='lat' dir='ltr'><strong>epigrammatis</strong></span> <span class='ocrx_word' id='word_1_58' title='bbox 1328 1264 1483 1322; x_wconf 91' lang='lat' dir='ltr'><strong>apparere</strong></span> <span class='ocrx_word' id='word_1_59' title='bbox 1503 1248 1615 1321; x_wconf 90' lang='lat' dir='ltr'><strong>potest.</strong></span> 
     </span>
     <span class='ocr_line' id='line_1_9' title="bbox 393 1341 1618 1423; baseline -0.002 -18"><span class='ocrx_word' id='word_1_60' title='bbox 393 1349 464 1406; x_wconf 91' lang='lat' dir='ltr'><strong>Nou</strong></span> <span class='ocrx_word' id='word_1_61' title='bbox 492 1345 587 1404; x_wconf 92' lang='lat' dir='ltr'><strong>habet</strong></span> <span class='ocrx_word' id='word_1_62' title='bbox 615 1349 650 1404; x_wconf 92' lang='lat' dir='ltr'><strong>ut</strong></span> <span class='ocrx_word' id='word_1_63' title='bbox 678 1345 902 1420; x_wconf 87' lang='lat' dir='ltr'><strong>Theopompus</strong></span> <span class='ocrx_word' id='word_1_64' title='bbox 930 1343 1062 1404; x_wconf 81' lang='grc' dir='ltr'><strong><em>ἕστασαν</em></strong></span> <span class='ocrx_word' id='word_1_65' title='bbox 1089 1341 1256 1423; x_wconf 81' lang='grc' dir='ltr'><strong><em>εὐχόμεναι</em></strong></span> <span class='ocrx_word' id='word_1_66' title='bbox 1285 1341 1336 1421; x_wconf 87' lang='lat' dir='ltr'><strong>(A)</strong></span> <span class='ocrx_word' id='word_1_67' title='bbox 1364 1348 1525 1419; x_wconf 87' lang='lat' dir='ltr'><strong>nequent</strong></span> <span class='ocrx_word' id='word_1_68' title='bbox 1547 1345 1618 1403; x_wconf 92' lang='lat' dir='ltr'><strong>Plu·</strong></span> 
     </span>
     <span class='ocr_line' id='line_1_10' title="bbox 393 1440 1620 1520; baseline -0.002 -17"><span class='ocrx_word' id='word_1_69' title='bbox 393 1445 525 1503; x_wconf 87' lang='lat' dir='ltr'><strong>tarchus</strong></span> <span class='ocrx_word' id='word_1_70' title='bbox 553 1441 605 1519; x_wconf 88' lang='lat' dir='ltr'><strong>(S)</strong></span> <span class='ocrx_word' id='word_1_71' title='bbox 629 1440 759 1502; x_wconf 72' lang='grc' dir='ltr'><em>ἒστάθεν</em></span> <span class='ocrx_word' id='word_1_72' title='bbox 781 1440 965 1520; x_wconf 85' lang='grc' dir='ltr'><em>εὐξάμεναι,</em></span> <span class='ocrx_word' id='word_1_73' title='bbox 997 1443 1052 1500; x_wconf 89' lang='lat' dir='ltr'><strong>sed</strong></span> <span class='ocrx_word' id='word_1_74' title='bbox 1073 1442 1166 1517; x_wconf 88' lang='lat' dir='ltr'><strong>quasi</strong></span> <span class='ocrx_word' id='word_1_75' title='bbox 1189 1442 1324 1501; x_wconf 92' lang='lat' dir='ltr'><strong>mediam</strong></span> <span class='ocrx_word' id='word_1_76' title='bbox 1346 1444 1429 1503; x_wconf 90' lang='lat' dir='ltr'><strong>inter</strong></span> <span class='ocrx_word' id='word_1_77' title='bbox 1450 1445 1620 1517; x_wconf 90' lang='lat' dir='ltr'><strong>utramque</strong></span> 
     </span>
     <span class='ocr_line' id='line_1_11' title="bbox 393 1538 1618 1618; baseline -0.002 -17"><span class='ocrx_word' id='word_1_78' title='bbox 393 1543 558 1602; x_wconf 87' lang='lat' dir='ltr'><strong>lectionem</strong></span> <span class='ocrx_word' id='word_1_79' title='bbox 585 1538 716 1601; x_wconf 73' lang='grc' dir='ltr'><strong><em>ἕστάθεν</em></strong></span> <span class='ocrx_word' id='word_1_80' title='bbox 737 1538 894 1618; x_wconf 74' lang='grc' dir='ltr'><strong><em>εὔχεσθαι.</em></strong></span> <span class='ocrx_word' id='word_1_81' title='bbox 927 1541 1079 1599; x_wconf 91' lang='lat' dir='ltr'><strong>Neutram</strong></span> <span class='ocrx_word' id='word_1_82' title='bbox 1101 1540 1266 1599; x_wconf 86' lang='lat' dir='ltr'><strong>lectionem</strong></span> <span class='ocrx_word' id='word_1_83' title='bbox 1288 1541 1417 1616; x_wconf 87' lang='lat' dir='ltr'><strong>recepit;</strong></span> <span class='ocrx_word' id='word_1_84' title='bbox 1447 1541 1533 1615; x_wconf 92' lang='lat' dir='ltr'><strong>quod</strong></span> <span class='ocrx_word' id='word_1_85' title='bbox 1555 1558 1618 1615; x_wconf 90' lang='lat' dir='ltr'><strong>qua</strong></span> 
     </span>
     <span class='ocr_line' id='line_1_12' title="bbox 393 1633 1619 1714; baseline -0.002 -15"><span class='ocrx_word' id='word_1_86' title='bbox 393 1642 432 1699; x_wconf 93' lang='lat' dir='ltr'><strong>de</strong></span> <span class='ocrx_word' id='word_1_87' title='bbox 453 1657 550 1699; x_wconf 88' lang='lat' dir='ltr'><strong>causa</strong></span> <span class='ocrx_word' id='word_1_88' title='bbox 572 1639 679 1698; x_wconf 88' lang='lat' dir='ltr'><strong>iecerit</strong></span> <span class='ocrx_word' id='word_1_89' title='bbox 700 1633 732 1696; x_wconf 94' lang='lat' dir='ltr'><strong>in</strong></span> <span class='ocrx_word' id='word_1_90' title='bbox 754 1638 862 1713; x_wconf 87' lang='lat' dir='ltr'><strong>aprico</strong></span> <span class='ocrx_word' id='word_1_91' title='bbox 883 1640 940 1696; x_wconf 88' lang='lat' dir='ltr'><strong>est.</strong></span> <span class='ocrx_word' id='word_1_92' title='bbox 966 1637 1049 1696; x_wconf 88' lang='lat' dir='ltr'><strong>Vidit</strong></span> <span class='ocrx_word' id='word_1_93' title='bbox 1071 1638 1164 1696; x_wconf 92' lang='lat' dir='ltr'><strong>unice</strong></span> <span class='ocrx_word' id='word_1_94' title='bbox 1184 1638 1244 1696; x_wconf 91' lang='lat' dir='ltr'><strong>hoc</strong></span> <span class='ocrx_word' id='word_1_95' title='bbox 1264 1638 1389 1697; x_wconf 90' lang='lat' dir='ltr'><strong>donarii</strong></span> <span class='ocrx_word' id='word_1_96' title='bbox 1411 1655 1513 1714; x_wconf 89' lang='lat' dir='ltr'><strong>genus</strong></span> <span class='ocrx_word' id='word_1_97' title='bbox 1537 1643 1619 1697; x_wconf 87' lang='lat' dir='ltr'><strong>recte</strong></span> 
     </span>
     <span class='ocr_line' id='line_1_13' title="bbox 393 1736 1618 1813; baseline -0.002 -17"><span class='ocrx_word' id='word_1_98' title='bbox 393 1739 568 1797; x_wconf 88' lang='lat' dir='ltr'><strong>indicatum</strong></span> <span class='ocrx_word' id='word_1_99' title='bbox 585 1753 656 1795; x_wconf 89' lang='lat' dir='ltr'><strong>esse</strong></span> <span class='ocrx_word' id='word_1_100' title='bbox 673 1737 760 1810; x_wconf 93' lang='lat' dir='ltr'><strong>quod</strong></span> <span class='ocrx_word' id='word_1_101' title='bbox 777 1738 935 1812; x_wconf 91' lang='lat' dir='ltr'><strong>legeretur</strong></span> <span class='ocrx_word' id='word_1_102' title='bbox 953 1738 1039 1812; x_wconf 91' lang='lat' dir='ltr'><strong>apud</strong></span> <span class='ocrx_word' id='word_1_103' title='bbox 1058 1738 1307 1813; x_wconf 90' lang='lat' dir='ltr'><strong>Theopompum.</strong></span> <span class='ocrx_word' id='word_1_104' title='bbox 1333 1736 1515 1795; x_wconf 90' lang='lat' dir='ltr'><strong>Absurdum</strong></span> <span class='ocrx_word' id='word_1_105' title='bbox 1534 1737 1618 1794; x_wconf 89' lang='lat' dir='ltr'><strong>enim</strong></span> 
     </span>
     <span class='ocr_line' id='line_1_14' title="bbox 394 1834 1618 1912; baseline -0.002 -18"><span class='ocrx_word' id='word_1_106' title='bbox 394 1839 461 1895; x_wconf 92' lang='lat' dir='ltr'><strong>erat</strong></span> <span class='ocrx_word' id='word_1_107' title='bbox 482 1836 604 1912; x_wconf 83' lang='lat' dir='ltr'><strong>tingere</strong></span> <span class='ocrx_word' id='word_1_108' title='bbox 626 1834 739 1893; x_wconf 91' lang='lat' dir='ltr'><strong>seriem</strong></span> <span class='ocrx_word' id='word_1_109' title='bbox 760 1834 861 1893; x_wconf 84' lang='lat' dir='ltr'><strong>fuisse</strong></span> <span class='ocrx_word' id='word_1_110' title='bbox 882 1836 1062 1894; x_wconf 90' lang='lat' dir='ltr'><strong>statuarum</strong></span> <span class='ocrx_word' id='word_1_111' title='bbox 1083 1835 1226 1893; x_wconf 93' lang='lat' dir='ltr'><strong>omnium</strong></span> <span class='ocrx_word' id='word_1_112' title='bbox 1247 1835 1459 1893; x_wconf 90' lang='lat' dir='ltr'><strong>meretricum.</strong></span> <span class='ocrx_word' id='word_1_113' title='bbox 1484 1834 1618 1892; x_wconf 91' lang='lat' dir='ltr'><strong>Textum</strong></span> 
     </span>
     <span class='ocr_line' id='line_1_15' title="bbox 394 1917 1683 2008; baseline -0.001 -16"><span class='ocrx_word' id='word_1_114' title='bbox 394 1936 500 1992; x_wconf 88' lang='lat' dir='ltr'><strong>autem</strong></span> <span class='ocrx_word' id='word_1_115' title='bbox 518 1932 680 2008; x_wconf 88' lang='lat' dir='ltr'><strong>praetulit,</strong></span> <span class='ocrx_word' id='word_1_116' title='bbox 702 1931 757 2006; x_wconf 92' lang='lat' dir='ltr'><strong>qui</strong></span> <span class='ocrx_word' id='word_1_117' title='bbox 775 1932 988 2007; x_wconf 84' lang='lat' dir='ltr'><strong>praebebatur</strong></span> <span class='ocrx_word' id='word_1_118' title='bbox 1005 1933 1091 2007; x_wconf 92' lang='lat' dir='ltr'><strong>apud</strong></span> <span class='ocrx_word' id='word_1_119' title='bbox 1110 1933 1290 2008; x_wconf 91' lang='lat' dir='ltr'><strong>Timaeum,</strong></span> <span class='ocrx_word' id='word_1_120' title='bbox 1312 1932 1430 2007; x_wconf 91' lang='lat' dir='ltr'><strong>quippe</strong></span> <span class='ocrx_word' id='word_1_121' title='bbox 1446 1932 1500 2006; x_wconf 94' lang='lat' dir='ltr'><strong>qui</strong></span> <span class='ocrx_word' id='word_1_122' title='bbox 1519 1930 1619 1991; x_wconf 89' lang='lat' dir='ltr'><strong>Simo·</strong></span> <span class='ocrx_word' id='word_1_123' title='bbox 1680 1917 1683 1922; x_wconf 39' lang='lat'>¹</span> 
     </span>
     <span class='ocr_line' id='line_1_16' title="bbox 395 2029 1616 2090; baseline -0.002 0"><span class='ocrx_word' id='word_1_124' title='bbox 395 2032 487 2090; x_wconf 90' lang='lat' dir='ltr'><strong>nideo</strong></span> <span class='ocrx_word' id='word_1_125' title='bbox 515 2030 643 2090; x_wconf 90' lang='lat' dir='ltr'><strong>nomine</strong></span> <span class='ocrx_word' id='word_1_126' title='bbox 671 2030 815 2088; x_wconf 91' lang='lat' dir='ltr'><strong>munitus</strong></span> <span class='ocrx_word' id='word_1_127' title='bbox 842 2029 870 2088; x_wconf 93' lang='grc'><strong>61</strong></span> <span class='ocrx_word' id='word_1_128' title='bbox 892 2031 1043 2089; x_wconf 91' lang='lat' dir='ltr'><strong>maiorem</strong></span> <span class='ocrx_word' id='word_1_129' title='bbox 1065 2031 1183 2089; x_wconf 89' lang='lat' dir='ltr'><strong>habere</strong></span> <span class='ocrx_word' id='word_1_130' title='bbox 1204 2031 1423 2090; x_wconf 91' lang='lat' dir='ltr'><strong>auctoritatem</strong></span> <span class='ocrx_word' id='word_1_131' title='bbox 1445 2030 1616 2088; x_wconf 89' lang='lat' dir='ltr'><strong>videretur.</strong></span> 
     </span>
     <span class='ocr_line' id='line_1_17' title="bbox 394 2126 1620 2204; baseline -0.004 -15"><span class='ocrx_word' id='word_1_132' title='bbox 394 2130 465 2199; x_wconf 85' lang='lat' dir='ltr'><strong>Qua</strong></span> <span class='ocrx_word' id='word_1_133' title='bbox 496 2130 535 2188; x_wconf 90' lang='lat' dir='ltr'><strong>de</strong></span> <span class='ocrx_word' id='word_1_134' title='bbox 566 2144 663 2187; x_wconf 91' lang='lat' dir='ltr'><strong>causa</strong></span> <span class='ocrx_word' id='word_1_135' title='bbox 691 2127 759 2202; x_wconf 89' lang='lat' dir='ltr'><strong>ipse</strong></span> <span class='ocrx_word' id='word_1_136' title='bbox 788 2127 965 2186; x_wconf 90' lang='lat' dir='ltr'><strong>Zenodotea</strong></span> <span class='ocrx_word' id='word_1_137' title='bbox 993 2130 1095 2187; x_wconf 91' lang='lat' dir='ltr'><strong>aetate</strong></span> <span class='ocrx_word' id='word_1_138' title='bbox 1122 2127 1314 2204; x_wconf 78' lang='lat' dir='ltr'><strong>condignam</strong></span> <span class='ocrx_word' id='word_1_139' title='bbox 1342 2126 1473 2186; x_wconf 88' lang='lat' dir='ltr'><strong>coniecit</strong></span> <span class='ocrx_word' id='word_1_140' title='bbox 1500 2127 1620 2186; x_wconf 86' lang='lat' dir='ltr'><strong>coniec-</strong></span> 
     </span>
     <span class='ocr_line' id='line_1_18' title="bbox 394 2225 1621 2303; baseline -0.002 -16"><span class='ocrx_word' id='word_1_141' title='bbox 394 2232 517 2303; x_wconf 93' lang='lat' dir='ltr'><strong>turam,</strong></span> <span class='ocrx_word' id='word_1_142' title='bbox 542 2243 606 2301; x_wconf 92' lang='lat' dir='ltr'><strong>qua</strong></span> <span class='ocrx_word' id='word_1_143' title='bbox 624 2225 742 2284; x_wconf 88' lang='lat' dir='ltr'><strong>Timaei</strong></span> <span class='ocrx_word' id='word_1_144' title='bbox 763 2227 852 2283; x_wconf 90' lang='lat' dir='ltr'><strong>textu</strong></span> <span class='ocrx_word' id='word_1_145' title='bbox 872 2226 982 2284; x_wconf 91' lang='lat' dir='ltr'><strong>leviter</strong></span> <span class='ocrx_word' id='word_1_146' title='bbox 1002 2227 1123 2285; x_wconf 91' lang='lat' dir='ltr'><strong>mutato</strong></span> <span class='ocrx_word' id='word_1_147' title='bbox 1140 2226 1352 2302; x_wconf 87' lang='lat' dir='ltr'><strong>Theopompei</strong></span> <span class='ocrx_word' id='word_1_148' title='bbox 1375 2225 1564 2285; x_wconf 88' lang='lat' dir='ltr'><strong>sententiam</strong></span> <span class='ocrx_word' id='word_1_149' title='bbox 1587 2243 1621 2284; x_wconf 90' lang='lat' dir='ltr'><strong>se</strong></span> 
     </span>
     <span class='ocr_line' id='line_1_19' title="bbox 394 2319 1616 2401; baseline -0.002 -17"><span class='ocrx_word' id='word_1_150' title='bbox 394 2326 586 2400; x_wconf 90' lang='lat' dir='ltr'><strong>adepturum</strong></span> <span class='ocrx_word' id='word_1_151' title='bbox 598 2325 738 2398; x_wconf 92' lang='lat' dir='ltr'><strong>putaret:</strong></span> <span class='ocrx_word' id='word_1_152' title='bbox 751 2319 881 2382; x_wconf 69' lang='lat' dir='ltr'><strong>icrdder</strong></span> <span class='ocrx_word' id='word_1_153' title='bbox 892 2321 1040 2401; x_wconf 72' lang='grc' dir='ltr'><em>εὔχεσθαι</em></span> <span class='ocrx_word' id='word_1_154' title='bbox 1050 2323 1181 2398; x_wconf 85' lang='lat' dir='ltr'><strong>‘positae</strong></span> <span class='ocrx_word' id='word_1_155' title='bbox 1192 2325 1277 2398; x_wconf 91' lang='lat' dir='ltr'><strong>sunt,</strong></span> <span class='ocrx_word' id='word_1_156' title='bbox 1293 2326 1329 2381; x_wconf 92' lang='lat' dir='ltr'><strong>ut</strong></span> <span class='ocrx_word' id='word_1_157' title='bbox 1339 2322 1616 2399; x_wconf 64' lang='lat' dir='ltr'><strong>precarentur’ffi).</strong></span> 
     </span>
    </p>

    <p class='ocr_par' dir='ltr' id='par_1_4' title="bbox 394 2419 1620 3479">
     <span class='ocr_line' id='line_1_20' title="bbox 437 2419 1616 2499; baseline -0.003 -17"><span class='ocrx_word' id='word_1_158' title='bbox 437 2422 527 2498; x_wconf 67' lang='lat'><strong>§32</strong></span> <span class='ocrx_word' id='word_1_159' title='bbox 574 2420 624 2480; x_wconf 88' lang='lat' dir='ltr'><strong>De</strong></span> <span class='ocrx_word' id='word_1_160' title='bbox 657 2419 794 2481; x_wconf 78' lang='lat' dir='ltr'><strong>Timaeo</strong></span> <span class='ocrx_word' id='word_1_161' title='bbox 827 2422 931 2499; x_wconf 83' lang='lat' dir='ltr'><strong>atque</strong></span> <span class='ocrx_word' id='word_1_162' title='bbox 962 2421 1004 2481; x_wconf 86' lang='lat' dir='ltr'><strong>de</strong></span> <span class='ocrx_word' id='word_1_163' title='bbox 1035 2419 1215 2481; x_wconf 76' lang='lat' dir='ltr'><strong>Plutarchi</strong></span> <span class='ocrx_word' id='word_1_164' title='bbox 1244 2421 1339 2482; x_wconf 81' lang='lat' dir='ltr'><strong>fonte</strong></span> <span class='ocrx_word' id='word_1_165' title='bbox 1365 2420 1407 2480; x_wconf 90' lang='lat' dir='ltr'><strong>X.</strong></span> <span class='ocrx_word' id='word_1_166' title='bbox 1451 2422 1616 2495; x_wconf 85' lang='lat' dir='ltr'><strong>Timaeus,</strong></span> 
     </span>
     <span class='ocr_line' id='line_1_21' title="bbox 395 2520 1620 2596; baseline -0.002 -16"><span class='ocrx_word' id='word_1_167' title='bbox 395 2539 467 2580; x_wconf 88' lang='lat' dir='ltr'><strong>cum</strong></span> <span class='ocrx_word' id='word_1_168' title='bbox 496 2522 535 2580; x_wconf 93' lang='lat' dir='ltr'><strong>de</strong></span> <span class='ocrx_word' id='word_1_169' title='bbox 562 2521 742 2596; x_wconf 82' lang='lat' dir='ltr'><strong>precatione</strong></span> <span class='ocrx_word' id='word_1_170' title='bbox 765 2520 817 2578; x_wconf 92' lang='lat' dir='ltr'><strong>illa</strong></span> <span class='ocrx_word' id='word_1_171' title='bbox 838 2520 1025 2595; x_wconf 86' lang='lat' dir='ltr'><strong>dissereret,</strong></span> <span class='ocrx_word' id='word_1_172' title='bbox 1056 2520 1200 2579; x_wconf 90' lang='lat' dir='ltr'><strong>notitiam</strong></span> <span class='ocrx_word' id='word_1_173' title='bbox 1223 2537 1315 2579; x_wconf 91' lang='lat' dir='ltr'><strong>suam</strong></span> <span class='ocrx_word' id='word_1_174' title='bbox 1336 2523 1393 2578; x_wconf 88' lang='lat' dir='ltr'><strong>aut</strong></span> <span class='ocrx_word' id='word_1_175' title='bbox 1413 2520 1544 2595; x_wconf 85' lang='lat' dir='ltr'><strong>Ephoro</strong></span> <span class='ocrx_word' id='word_1_176' title='bbox 1565 2521 1620 2578; x_wconf 93' lang='lat' dir='ltr'><strong>aut</strong></span> 
     </span>
     <span class='ocr_line' id='line_1_22' title="bbox 395 2616 1619 2695; baseline -0.002 -16"><span class='ocrx_word' id='word_1_177' title='bbox 395 2621 600 2695; x_wconf 90' lang='lat' dir='ltr'><strong>Theopompo</strong></span> <span class='ocrx_word' id='word_1_178' title='bbox 626 2616 770 2676; x_wconf 87' lang='lat' dir='ltr'><strong>debuerit</strong></span> <span class='ocrx_word' id='word_1_179' title='bbox 797 2635 926 2677; x_wconf 88' lang='lat' dir='ltr'><strong>necesse</strong></span> <span class='ocrx_word' id='word_1_180' title='bbox 950 2621 1006 2677; x_wconf 89' lang='lat' dir='ltr'><strong>est.</strong></span> <span class='ocrx_word' id='word_1_181' title='bbox 1042 2619 1156 2693; x_wconf 90' lang='lat' dir='ltr'><strong>Itaque</strong></span> <span class='ocrx_word' id='word_1_182' title='bbox 1175 2619 1262 2693; x_wconf 90' lang='lat' dir='ltr'><strong>apud</strong></span> <span class='ocrx_word' id='word_1_183' title='bbox 1283 2636 1357 2677; x_wconf 93' lang='lat' dir='ltr'><strong>eum</strong></span> <span class='ocrx_word' id='word_1_184' title='bbox 1378 2617 1487 2677; x_wconf 88' lang='lat' dir='ltr'><strong>eadem</strong></span> <span class='ocrx_word' id='word_1_185' title='bbox 1509 2634 1619 2676; x_wconf 91' lang='lat' dir='ltr'><strong>narra·</strong></span> 
     </span>
     <span class='ocr_line' id='line_1_23' title="bbox 394 2717 1619 2792; baseline -0.003 -15"><span class='ocrx_word' id='word_1_186' title='bbox 394 2719 490 2777; x_wconf 92' lang='lat' dir='ltr'><strong>tionis</strong></span> <span class='ocrx_word' id='word_1_187' title='bbox 518 2718 669 2776; x_wconf 87' lang='lat' dir='ltr'><strong>elementa</strong></span> <span class='ocrx_word' id='word_1_188' title='bbox 699 2717 896 2791; x_wconf 89' lang='lat' dir='ltr'><strong>eandemque</strong></span> <span class='ocrx_word' id='word_1_189' title='bbox 919 2717 1158 2792; x_wconf 85' lang='lat' dir='ltr'><strong>epigrammatis</strong></span> <span class='ocrx_word' id='word_1_190' title='bbox 1180 2718 1381 2776; x_wconf 89' lang='lat' dir='ltr'><strong>traditionem</strong></span> <span class='ocrx_word' id='word_1_191' title='bbox 1403 2717 1619 2791; x_wconf 88' lang='lat' dir='ltr'><strong>expectaveris</strong></span> 
     </span>
     <span class='ocr_line' id='line_1_24' title="bbox 395 2813 1616 2892; baseline -0.002 -17"><span class='ocrx_word' id='word_1_192' title='bbox 395 2819 491 2890; x_wconf 88' lang='lat' dir='ltr'><strong>atque</strong></span> <span class='ocrx_word' id='word_1_193' title='bbox 521 2815 608 2890; x_wconf 94' lang='lat' dir='ltr'><strong>apud</strong></span> <span class='ocrx_word' id='word_1_194' title='bbox 635 2815 705 2873; x_wconf 91' lang='lat' dir='ltr'><strong>illos</strong></span> <span class='ocrx_word' id='word_1_195' title='bbox 736 2813 830 2891; x_wconf 86' lang='lat' dir='ltr'><strong>(trad.</strong></span> <span class='ocrx_word' id='word_1_196' title='bbox 862 2815 901 2873; x_wconf 88' lang='lat' dir='ltr'><strong>A:</strong></span> <span class='ocrx_word' id='word_1_197' title='bbox 931 2833 1015 2874; x_wconf 91' lang='lat' dir='ltr'><strong>nom.</strong></span> <span class='ocrx_word' id='word_1_198' title='bbox 1047 2819 1158 2891; x_wconf 91' lang='lat' dir='ltr'><strong>poetae</strong></span> <span class='ocrx_word' id='word_1_199' title='bbox 1182 2815 1357 2892; x_wconf 91' lang='lat' dir='ltr'><strong>omissum,</strong></span> <span class='ocrx_word' id='word_1_200' title='bbox 1388 2819 1522 2890; x_wconf 82' lang='lat' dir='ltr'><strong>uxores,</strong></span> <span class='ocrx_word' id='word_1_201' title='bbox 1553 2814 1616 2874; x_wconf 86' lang='lat' dir='ltr'><strong>tab.</strong></span> 
     </span>
     <span class='ocr_line' id='line_1_25' title="bbox 395 2910 1620 2989; baseline 0.001 -19"><span class='ocrx_word' id='word_1_202' title='bbox 395 2910 496 2989; x_wconf 88' lang='lat' dir='ltr'><strong>piot).</strong></span> <span class='ocrx_word' id='word_1_203' title='bbox 524 2913 563 2971; x_wconf 91' lang='lat' dir='ltr'><strong>At</strong></span> <span class='ocrx_word' id='word_1_204' title='bbox 584 2930 656 2971; x_wconf 91' lang='lat' dir='ltr'><strong>eum</strong></span> <span class='ocrx_word' id='word_1_205' title='bbox 677 2913 880 2973; x_wconf 90' lang='lat' dir='ltr'><strong>traditionem</strong></span> <span class='ocrx_word' id='word_1_206' title='bbox 903 2913 925 2974; x_wconf 94' lang='lat' dir='ltr'>S</span> <span class='ocrx_word' id='word_1_207' title='bbox 947 2914 1131 2973; x_wconf 88' lang='lat' dir='ltr'><strong>exhibuisse</strong></span> <span class='ocrx_word' id='word_1_208' title='bbox 1151 2914 1214 2972; x_wconf 92' lang='lat' dir='ltr'><strong>iam</strong></span> <span class='ocrx_word' id='word_1_209' title='bbox 1236 2915 1375 2973; x_wconf 92' lang='lat' dir='ltr'><strong>vidimus</strong></span> <span class='ocrx_word' id='word_1_210' title='bbox 1396 2913 1429 2971; x_wconf 90' lang='lat' dir='ltr'><strong>in</strong></span> <span class='ocrx_word' id='word_1_211' title='bbox 1453 2911 1473 2989; x_wconf 58' lang='grc' dir='ltr'>ᾗ</span> <span class='ocrx_word' id='word_1_212' title='bbox 1495 2930 1620 2987; x_wconf 90' lang='lat' dir='ltr'><strong>praece·</strong></span> 
     </span>
     <span class='ocr_line' id='line_1_26' title="bbox 395 3011 1620 3088; baseline -0.001 -19"><span class='ocrx_word' id='word_1_213' title='bbox 395 3012 491 3070; x_wconf 88' lang='lat' dir='ltr'><strong>denti.</strong></span> <span class='ocrx_word' id='word_1_214' title='bbox 527 3012 639 3085; x_wconf 92' lang='lat' dir='ltr'><strong>Itaque</strong></span> <span class='ocrx_word' id='word_1_215' title='bbox 667 3011 694 3070; x_wconf 89' lang='lat' dir='ltr'><strong>is</strong></span> <span class='ocrx_word' id='word_1_216' title='bbox 719 3029 848 3087; x_wconf 92' lang='lat' dir='ltr'><strong>quoque</strong></span> <span class='ocrx_word' id='word_1_217' title='bbox 868 3012 950 3070; x_wconf 91' lang='lat' dir='ltr'><strong>duos</strong></span> <span class='ocrx_word' id='word_1_218' title='bbox 972 3012 1048 3071; x_wconf 92' lang='lat' dir='ltr'><strong>adiit</strong></span> <span class='ocrx_word' id='word_1_219' title='bbox 1069 3013 1190 3088; x_wconf 87' lang='lat' dir='ltr'><strong>tontes,</strong></span> <span class='ocrx_word' id='word_1_220' title='bbox 1222 3030 1360 3087; x_wconf 92' lang='lat' dir='ltr'><strong>quorum</strong></span> <span class='ocrx_word' id='word_1_221' title='bbox 1382 3013 1534 3086; x_wconf 89' lang='lat' dir='ltr'><strong>alterum,</strong></span> <span class='ocrx_word' id='word_1_222' title='bbox 1566 3011 1620 3085; x_wconf 92' lang='lat' dir='ltr'><strong>qui</strong></span> 
     </span>
     <span class='ocr_line' id='line_1_27' title="bbox 395 3109 1620 3185; baseline 0 -18"><span class='ocrx_word' id='word_1_223' title='bbox 395 3110 596 3169; x_wconf 90' lang='lat' dir='ltr'><strong>traditionem</strong></span> <span class='ocrx_word' id='word_1_224' title='bbox 630 3109 651 3168; x_wconf 90' lang='lat' dir='ltr'>S</span> <span class='ocrx_word' id='word_1_225' title='bbox 681 3113 949 3185; x_wconf 85' lang='lat' dir='ltr'><strong>repraesentaret,</strong></span> <span class='ocrx_word' id='word_1_226' title='bbox 984 3111 1174 3185; x_wconf 90' lang='lat' dir='ltr'><strong>praetulisse</strong></span> <span class='ocrx_word' id='word_1_227' title='bbox 1201 3111 1327 3170; x_wconf 88' lang='lat' dir='ltr'><strong>videtur</strong></span> <span class='ocrx_word' id='word_1_228' title='bbox 1355 3110 1462 3183; x_wconf 91' lang='lat' dir='ltr'><strong>alteri,</strong></span> <span class='ocrx_word' id='word_1_229' title='bbox 1495 3110 1528 3167; x_wconf 92' lang='lat' dir='ltr'><strong>in</strong></span> <span class='ocrx_word' id='word_1_230' title='bbox 1557 3127 1620 3184; x_wconf 92' lang='lat' dir='ltr'><strong>qua</strong></span> 
     </span>
     <span class='ocr_line' id='line_1_28' title="bbox 394 3207 1620 3286; baseline -0.002 -19"><span class='ocrx_word' id='word_1_231' title='bbox 394 3209 591 3283; x_wconf 89' lang='lat' dir='ltr'><strong>epigramma</strong></span> <span class='ocrx_word' id='word_1_232' title='bbox 612 3225 808 3284; x_wconf 90' lang='lat' dir='ltr'><strong>anonymum</strong></span> <span class='ocrx_word' id='word_1_233' title='bbox 830 3208 1098 3286; x_wconf 81' lang='lat' dir='ltr'><strong>circumferretur.</strong></span> <span class='ocrx_word' id='word_1_234' title='bbox 1127 3209 1176 3266; x_wconf 91' lang='lat' dir='ltr'><strong>Ex</strong></span> <span class='ocrx_word' id='word_1_235' title='bbox 1200 3208 1221 3267; x_wconf 89' lang='lat' dir='ltr'>S</span> <span class='ocrx_word' id='word_1_236' title='bbox 1245 3209 1360 3284; x_wconf 87' lang='lat' dir='ltr'><strong>recepit</strong></span> <span class='ocrx_word' id='word_1_237' title='bbox 1381 3207 1620 3283; x_wconf 89' lang='lat' dir='ltr'><strong>epigrammatis</strong></span> 
     </span>
     <span class='ocr_line' id='line_1_29' title="bbox 395 3304 1620 3381; baseline -0.002 -17"><span class='ocrx_word' id='word_1_238' title='bbox 395 3308 534 3379; x_wconf 88' lang='lat' dir='ltr'><strong>textum,</strong></span> <span class='ocrx_word' id='word_1_239' title='bbox 569 3323 684 3364; x_wconf 92' lang='lat' dir='ltr'><strong>nomen</strong></span> <span class='ocrx_word' id='word_1_240' title='bbox 716 3308 842 3381; x_wconf 91' lang='lat' dir='ltr'><strong>poetae,</strong></span> <span class='ocrx_word' id='word_1_241' title='bbox 877 3309 1000 3365; x_wconf 90' lang='lat' dir='ltr'><strong>statuas</strong></span> <span class='ocrx_word' id='word_1_242' title='bbox 1032 3323 1157 3366; x_wconf 88' lang='lat' dir='ltr'><strong>aeneas.</strong></span> <span class='ocrx_word' id='word_1_243' title='bbox 1192 3307 1230 3365; x_wconf 93' lang='lat' dir='ltr'><strong>In</strong></span> <span class='ocrx_word' id='word_1_244' title='bbox 1263 3307 1355 3365; x_wconf 87' lang='lat' dir='ltr'><strong>tertio</strong></span> <span class='ocrx_word' id='word_1_245' title='bbox 1386 3306 1541 3364; x_wconf 91' lang='lat' dir='ltr'><strong>elemento</strong></span> <span class='ocrx_word' id='word_1_246' title='bbox 1574 3304 1620 3380; x_wconf 80' lang='lat' dir='ltr'><strong>(in</strong></span> 
     </span>
     <span class='ocr_line' id='line_1_30' title="bbox 396 3400 1120 3479; baseline -0.001 -16"><span class='ocrx_word' id='word_1_247' title='bbox 396 3400 563 3479; x_wconf 87' lang='lat' dir='ltr'><strong>matronis)</strong></span> <span class='ocrx_word' id='word_1_248' title='bbox 586 3406 724 3477; x_wconf 91' lang='lat' dir='ltr'><strong>utraque</strong></span> <span class='ocrx_word' id='word_1_249' title='bbox 744 3404 873 3463; x_wconf 90' lang='lat' dir='ltr'><strong>traditio</strong></span> <span class='ocrx_word' id='word_1_250' title='bbox 894 3405 1120 3464; x_wconf 88' lang='lat' dir='ltr'><strong>consentiebat.</strong></span> 
     </span>
    </p>

    <p class='ocr_par' dir='ltr' id='par_1_5' title="bbox 396 3501 1622 4363">
     <span class='ocr_line' id='line_1_31' title="bbox 436 3501 1622 3578; baseline 0 -18"><span class='ocrx_word' id='word_1_251' title='bbox 436 3501 598 3560; x_wconf 86' lang='lat' dir='ltr'><strong>Plutarchi</strong></span> <span class='ocrx_word' id='word_1_252' title='bbox 620 3501 723 3561; x_wconf 86' lang='lat' dir='ltr'><strong>fontes</strong></span> <span class='ocrx_word' id='word_1_253' title='bbox 745 3519 818 3560; x_wconf 89' lang='lat' dir='ltr'><strong>cum</strong></span> <span class='ocrx_word' id='word_1_254' title='bbox 840 3503 1071 3578; x_wconf 85' lang='lat' dir='ltr'><strong>examinarem,</strong></span> <span class='ocrx_word' id='word_1_255' title='bbox 1103 3503 1169 3561; x_wconf 92' lang='lat' dir='ltr'><strong>dixi</strong></span> <span class='ocrx_word' id='word_1_256' title='bbox 1190 3502 1317 3562; x_wconf 89' lang='lat' dir='ltr'><strong>duobus</strong></span> <span class='ocrx_word' id='word_1_257' title='bbox 1338 3520 1411 3561; x_wconf 90' lang='lat' dir='ltr'><strong>eum</strong></span> <span class='ocrx_word' id='word_1_258' title='bbox 1432 3519 1529 3561; x_wconf 88' lang='lat' dir='ltr'><strong>usum</strong></span> <span class='ocrx_word' id='word_1_259' title='bbox 1551 3519 1622 3561; x_wconf 90' lang='lat' dir='ltr'><strong>esse</strong></span> 
     </span>
     <span class='ocr_line' id='line_1_32' title="bbox 396 3600 1620 3676; baseline 0 -17"><span class='ocrx_word' id='word_1_260' title='bbox 396 3600 598 3676; x_wconf 78' lang='lat' dir='ltr'><strong>auctoribuS,</strong></span> <span class='ocrx_word' id='word_1_261' title='bbox 622 3617 761 3674; x_wconf 92' lang='lat' dir='ltr'><strong>quorum</strong></span> <span class='ocrx_word' id='word_1_262' title='bbox 779 3601 858 3659; x_wconf 91' lang='lat' dir='ltr'><strong>alter</strong></span> <span class='ocrx_word' id='word_1_263' title='bbox 875 3601 1046 3675; x_wconf 90' lang='lat' dir='ltr'><strong>pertineret</strong></span> <span class='ocrx_word' id='word_1_264' title='bbox 1063 3601 1104 3659; x_wconf 92' lang='lat' dir='ltr'><strong>ad</strong></span> <span class='ocrx_word' id='word_1_265' title='bbox 1122 3601 1324 3660; x_wconf 89' lang='lat' dir='ltr'><strong>traditionem</strong></span> <span class='ocrx_word' id='word_1_266' title='bbox 1341 3601 1383 3676; x_wconf 86' lang='lat' dir='ltr'><strong>A,</strong></span> <span class='ocrx_word' id='word_1_267' title='bbox 1404 3617 1500 3675; x_wconf 89' lang='lat' dir='ltr'><strong>quem</strong></span> <span class='ocrx_word' id='word_1_268' title='bbox 1517 3601 1620 3659; x_wconf 90' lang='lat' dir='ltr'><strong>littera</strong></span> 
     </span>
     <span class='ocr_line' id='line_1_33' title="bbox 396 3682 1620 3775; baseline -0.001 -18"><span class='ocrx_word' id='word_1_269' title='bbox 396 3700 423 3757; x_wconf 89' lang='lat' dir='ltr'>Y</span> <span class='ocrx_word' id='word_1_270' title='bbox 444 3699 646 3774; x_wconf 88' lang='lat' dir='ltr'><strong>designatum</strong></span> <span class='ocrx_word' id='word_1_271' title='bbox 669 3682 834 3773; x_wconf 80' lang='lat' dir='ltr'><strong>Ephorum</strong></span> <span class='ocrx_word' id='word_1_272' title='bbox 856 3699 957 3757; x_wconf 85' lang='lat' dir='ltr'><strong>fuisse</strong></span> <span class='ocrx_word' id='word_1_273' title='bbox 978 3699 1127 3774; x_wconf 90' lang='lat' dir='ltr'><strong>apparuit</strong></span> <span class='ocrx_word' id='word_1_274' title='bbox 1145 3696 1165 3775; x_wconf 58' lang='grc' dir='ltr'><em>ᾖ</em></span> <span class='ocrx_word' id='word_1_275' title='bbox 1185 3698 1239 3773; x_wconf 88' lang='grc'><strong>29,</strong></span> <span class='ocrx_word' id='word_1_276' title='bbox 1265 3699 1343 3757; x_wconf 89' lang='lat' dir='ltr'><strong>alter</strong></span> <span class='ocrx_word' id='word_1_277' title='bbox 1361 3699 1401 3756; x_wconf 91' lang='lat' dir='ltr'><strong>ad</strong></span> <span class='ocrx_word' id='word_1_278' title='bbox 1418 3698 1620 3757; x_wconf 91' lang='lat' dir='ltr'><strong>traditionem</strong></span> 
     </span>
     <span class='ocr_line' id='line_1_34' title="bbox 399 3796 1621 3872; baseline -0.003 -15"><span class='ocrx_word' id='word_1_279' title='bbox 399 3797 437 3872; x_wconf 92' lang='lat' dir='ltr'><strong>S,</strong></span> <span class='ocrx_word' id='word_1_280' title='bbox 472 3814 567 3872; x_wconf 92' lang='lat' dir='ltr'><strong>quem</strong></span> <span class='ocrx_word' id='word_1_281' title='bbox 599 3797 702 3856; x_wconf 89' lang='lat' dir='ltr'><strong>littera</strong></span> <span class='ocrx_word' id='word_1_282' title='bbox 732 3799 758 3854; x_wconf 93' lang='lat' dir='ltr'>X</span> <span class='ocrx_word' id='word_1_283' title='bbox 786 3797 961 3855; x_wconf 87' lang='lat' dir='ltr'><strong>indicatum</strong></span> <span class='ocrx_word' id='word_1_284' title='bbox 989 3798 1131 3856; x_wconf 91' lang='lat' dir='ltr'><strong>nondum</strong></span> <span class='ocrx_word' id='word_1_285' title='bbox 1160 3799 1245 3856; x_wconf 90' lang='lat' dir='ltr'><strong>certo</strong></span> <span class='ocrx_word' id='word_1_286' title='bbox 1274 3796 1420 3870; x_wconf 89' lang='lat' dir='ltr'><strong>scriptori</strong></span> <span class='ocrx_word' id='word_1_287' title='bbox 1448 3796 1621 3856; x_wconf 88' lang='lat' dir='ltr'><strong>attribuere</strong></span> 
     </span>
     <span class='ocr_line' id='line_1_35' title="bbox 396 3893 1621 3971; baseline -0.002 -17"><span class='ocrx_word' id='word_1_288' title='bbox 396 3897 569 3971; x_wconf 79' lang='lat' dir='ltr'><strong>potuimus,</strong></span> <span class='ocrx_word' id='word_1_289' title='bbox 594 3897 726 3954; x_wconf 92' lang='lat' dir='ltr'><strong>Fontem</strong></span> <span class='ocrx_word' id='word_1_290' title='bbox 745 3895 833 3953; x_wconf 93' lang='lat' dir='ltr'><strong>illum</strong></span> <span class='ocrx_word' id='word_1_291' title='bbox 854 3895 880 3952; x_wconf 89' lang='lat' dir='ltr'>X</span> <span class='ocrx_word' id='word_1_292' title='bbox 899 3895 1070 3954; x_wconf 89' lang='lat' dir='ltr'><strong>Plutarcho</strong></span> <span class='ocrx_word' id='word_1_293' title='bbox 1088 3895 1275 3969; x_wconf 86' lang='lat' dir='ltr'><strong>praebuisse</strong></span> <span class='ocrx_word' id='word_1_294' title='bbox 1291 3894 1430 3952; x_wconf 91' lang='lat' dir='ltr'><strong>vidimus</strong></span> <span class='ocrx_word' id='word_1_295' title='bbox 1448 3893 1621 3953; x_wconf 90' lang='lat' dir='ltr'><strong>Simonidis</strong></span> 
     </span>
     <span class='ocr_line' id='line_1_36' title="bbox 397 3992 1617 4070; baseline -0.002 -17"><span class='ocrx_word' id='word_1_296' title='bbox 397 4013 532 4070; x_wconf 90' lang='lat' dir='ltr'><strong>nomen,</strong></span> <span class='ocrx_word' id='word_1_297' title='bbox 574 3996 717 4070; x_wconf 91' lang='lat' dir='ltr'><strong>statuas,</strong></span> <span class='ocrx_word' id='word_1_298' title='bbox 756 3994 994 4068; x_wconf 90' lang='lat' dir='ltr'><strong>epigrammatis</strong></span> <span class='ocrx_word' id='word_1_299' title='bbox 1029 3996 1152 4052; x_wconf 92' lang='lat' dir='ltr'><strong>textum</strong></span> <span class='ocrx_word' id='word_1_300' title='bbox 1186 3992 1227 4052; x_wconf 91' lang='lat' dir='ltr'><strong>ab</strong></span> <span class='ocrx_word' id='word_1_301' title='bbox 1261 3993 1409 4068; x_wconf 92' lang='lat' dir='ltr'><strong>Ephoreo</strong></span> <span class='ocrx_word' id='word_1_302' title='bbox 1444 3993 1617 4051; x_wconf 89' lang='lat' dir='ltr'><strong>diversum.</strong></span> 
     </span>
     <span class='ocr_line' id='line_1_37' title="bbox 397 4090 1620 4166; baseline -0.003 -14"><span class='ocrx_word' id='word_1_303' title='bbox 397 4095 542 4153; x_wconf 91' lang='lat' dir='ltr'><strong>Eundem</strong></span> <span class='ocrx_word' id='word_1_304' title='bbox 571 4094 689 4153; x_wconf 89' lang='lat' dir='ltr'><strong>iontem</strong></span> <span class='ocrx_word' id='word_1_305' title='bbox 719 4091 868 4150; x_wconf 88' lang='lat' dir='ltr'><strong>debuisse</strong></span> <span class='ocrx_word' id='word_1_306' title='bbox 896 4091 1039 4150; x_wconf 89' lang='lat' dir='ltr'><strong>notitiam</strong></span> <span class='ocrx_word' id='word_1_307' title='bbox 1065 4091 1254 4166; x_wconf 88' lang='lat' dir='ltr'><strong>precationis</strong></span> <span class='ocrx_word' id='word_1_308' title='bbox 1276 4090 1501 4150; x_wconf 88' lang='lat' dir='ltr'><strong>constituimus</strong></span> <span class='ocrx_word' id='word_1_309' title='bbox 1522 4091 1620 4148; x_wconf 89' lang='lat' dir='ltr'><strong>Theo·</strong></span> 
     </span>
     <span class='ocr_line' id='line_1_38' title="bbox 397 4189 1622 4268; baseline -0.004 -17"><span class='ocrx_word' id='word_1_310' title='bbox 397 4211 512 4268; x_wconf 90' lang='lat' dir='ltr'><strong>pompo</strong></span> <span class='ocrx_word' id='word_1_311' title='bbox 548 4193 597 4251; x_wconf 90' lang='lat' dir='ltr'><strong>vel</strong></span> <span class='ocrx_word' id='word_1_312' title='bbox 633 4190 732 4268; x_wconf 82' lang='lat' dir='ltr'><strong>(quod</strong></span> <span class='ocrx_word' id='word_1_313' title='bbox 766 4207 852 4248; x_wconf 89' lang='lat' dir='ltr'><strong>nuno</strong></span> <span class='ocrx_word' id='word_1_314' title='bbox 882 4189 964 4248; x_wconf 90' lang='lat' dir='ltr'><strong>idem</strong></span> <span class='ocrx_word' id='word_1_315' title='bbox 996 4206 1066 4248; x_wconf 90' lang='lat' dir='ltr'><strong>esse</strong></span> <span class='ocrx_word' id='word_1_316' title='bbox 1098 4190 1236 4264; x_wconf 77' lang='lat' dir='ltr'><strong>soimuS,</strong></span> <span class='ocrx_word' id='word_1_317' title='bbox 1275 4189 1350 4264; x_wconf 92' lang='lat' dir='ltr'><strong>quia</strong></span> <span class='ocrx_word' id='word_1_318' title='bbox 1382 4189 1622 4263; x_wconf 89' lang='lat' dir='ltr'><strong>Theopompeae</strong></span> 
     </span>
     <span class='ocr_line' id='line_1_39' title="bbox 397 4285 1552 4363; baseline -0.003 -15"><span class='ocrx_word' id='word_1_319' title='bbox 397 4291 572 4350; x_wconf 89' lang='lat' dir='ltr'><strong>narrationi</strong></span> <span class='ocrx_word' id='word_1_320' title='bbox 594 4291 747 4348; x_wconf 90' lang='lat' dir='ltr'><strong>elementa</strong></span> <span class='ocrx_word' id='word_1_321' title='bbox 769 4288 878 4347; x_wconf 90' lang='lat' dir='ltr'><strong>eadem</strong></span> <span class='ocrx_word' id='word_1_322' title='bbox 900 4289 1027 4346; x_wconf 87' lang='lat' dir='ltr'><strong>fuerant</strong></span> <span class='ocrx_word' id='word_1_323' title='bbox 1049 4305 1130 4361; x_wconf 90' lang='lat' dir='ltr'><strong>quae</strong></span> <span class='ocrx_word' id='word_1_324' title='bbox 1152 4285 1330 4363; x_wconf 86' lang='lat' dir='ltr'><strong>Ephoreac)</strong></span> <span class='ocrx_word' id='word_1_325' title='bbox 1353 4287 1484 4361; x_wconf 86' lang='lat' dir='ltr'><strong>Ephoro</strong></span> <span class='ocrx_word' id='word_1_326' title='bbox 1501 4285 1552 4362; x_wconf 77' lang='grc'><strong>37).</strong></span> 
     </span>
    </p>
   </div>
   <div class='ocr_carea' id='block_1_3' title="bbox 397 4537 1622 4860">
    <p class='ocr_par' dir='ltr' id='par_1_6' title="bbox 397 4537 1622 4771">
     <span class='ocr_line' id='line_1_40' title="bbox 429 4537 1621 4601; baseline -0.003 -12"><span class='ocrx_word' id='word_1_327' title='bbox 429 4540 464 4597; x_wconf 78' lang='grc'><strong>36)</strong></span> <span class='ocrx_word' id='word_1_328' title='bbox 500 4539 573 4589; x_wconf 62' lang='grc'><strong>111111.</strong></span> <span class='ocrx_word' id='word_1_329' title='bbox 594 4540 611 4589; x_wconf 90' lang='lat'><strong>1.</strong></span> <span class='ocrx_word' id='word_1_330' title='bbox 629 4538 678 4588; x_wconf 74' lang='lat'><strong>204</strong></span> <span class='ocrx_word' id='word_1_331' title='bbox 696 4539 795 4588; x_wconf 88' lang='lat' dir='ltr'><strong>Timaei</strong></span> <span class='ocrx_word' id='word_1_332' title='bbox 814 4539 845 4587; x_wconf 84' lang='lat' dir='ltr'><strong>lr.</strong></span> <span class='ocrx_word' id='word_1_333' title='bbox 863 4537 895 4586; x_wconf 85' lang='lat'><strong>57</strong></span> <span class='ocrx_word' id='word_1_334' title='bbox 914 4538 1027 4600; x_wconf 89' lang='lat' dir='ltr'><strong>priorem</strong></span> <span class='ocrx_word' id='word_1_335' title='bbox 1044 4542 1151 4586; x_wconf 89' lang='lat' dir='ltr'><strong>tantum</strong></span> <span class='ocrx_word' id='word_1_336' title='bbox 1168 4538 1297 4587; x_wconf 87' lang='lat' dir='ltr'><strong>Athenaei</strong></span> <span class='ocrx_word' id='word_1_337' title='bbox 1312 4537 1361 4586; x_wconf 89' lang='lat' dir='ltr'><strong>loci</strong></span> <span class='ocrx_word' id='word_1_338' title='bbox 1377 4542 1477 4600; x_wconf 89' lang='lat' dir='ltr'><strong>partem</strong></span> <span class='ocrx_word' id='word_1_339' title='bbox 1493 4539 1621 4601; x_wconf 80' lang='lat' dir='ltr'><strong>complen-</strong></span> 
     </span>
     <span class='ocr_line' id='line_1_41' title="bbox 397 4617 1622 4689; baseline -0.005 -14"><span class='ocrx_word' id='word_1_340' title='bbox 397 4628 464 4675; x_wconf 86' lang='grc'><strong>111111·</strong></span> <span class='ocrx_word' id='word_1_341' title='bbox 481 4641 566 4689; x_wconf 87' lang='lat' dir='ltr'><strong>usqne</strong></span> <span class='ocrx_word' id='word_1_342' title='bbox 584 4627 616 4674; x_wconf 86' lang='lat' dir='ltr'><strong>ad</strong></span> <span class='ocrx_word' id='word_1_343' title='bbox 636 4625 714 4674; x_wconf 82' lang='lat' dir='ltr'><strong>verba</strong></span> <span class='ocrx_word' id='word_1_344' title='bbox 731 4619 856 4672; x_wconf 73' lang='grc' dir='ltr'><strong><em>ἐλθοῦσαι</em></strong></span> <span class='ocrx_word' id='word_1_345' title='bbox 874 4617 950 4671; x_wconf 79' lang='grc' dir='ltr'><em>νεών.</em></span> <span class='ocrx_word' id='word_1_346' title='bbox 972 4621 1074 4672; x_wconf 87' lang='lat' dir='ltr'><strong>Omissa</strong></span> <span class='ocrx_word' id='word_1_347' title='bbox 1092 4623 1174 4686; x_wconf 87' lang='lat' dir='ltr'><strong>igitur</strong></span> <span class='ocrx_word' id='word_1_348' title='bbox 1191 4628 1254 4671; x_wconf 88' lang='lat' dir='ltr'><strong>sunt</strong></span> <span class='ocrx_word' id='word_1_349' title='bbox 1272 4637 1303 4671; x_wconf 87' lang='lat' dir='ltr'><strong>ea</strong></span> <span class='ocrx_word' id='word_1_350' title='bbox 1321 4637 1390 4686; x_wconf 88' lang='lat' dir='ltr'><strong>quac</strong></span> <span class='ocrx_word' id='word_1_351' title='bbox 1408 4637 1498 4672; x_wconf 83' lang='lat' dir='ltr'><strong>revera</strong></span> <span class='ocrx_word' id='word_1_352' title='bbox 1515 4622 1622 4671; x_wconf 78' lang='lat' dir='ltr'><strong>Timaeo</strong></span> 
     </span>
     <span class='ocr_line' id='line_1_42' title="bbox 397 4709 1364 4771; baseline -0.004 -11"><span class='ocrx_word' id='word_1_353' title='bbox 397 4713 474 4761; x_wconf 77' lang='grc'><strong>1161111</strong></span> <span class='ocrx_word' id='word_1_354' title='bbox 492 4709 649 4760; x_wconf 85' lang='lat' dir='ltr'><strong>Chamaeleo</strong></span> <span class='ocrx_word' id='word_1_355' title='bbox 667 4725 700 4759; x_wconf 84' lang='lat' dir='ltr'><strong>sc.</strong></span> <span class='ocrx_word' id='word_1_356' title='bbox 720 4723 815 4758; x_wconf 81' lang='lat' dir='ltr'><strong>nomon</strong></span> <span class='ocrx_word' id='word_1_357' title='bbox 834 4709 975 4757; x_wconf 81' lang='lat' dir='ltr'><strong>Simonidis</strong></span> <span class='ocrx_word' id='word_1_358' title='bbox 993 4713 1020 4757; x_wconf 88' lang='lat' dir='ltr'><strong>ct</strong></span> <span class='ocrx_word' id='word_1_359' title='bbox 1037 4709 1235 4771; x_wconf 83' lang='lat' dir='ltr'><strong>epigrammatis</strong></span> <span class='ocrx_word' id='word_1_360' title='bbox 1253 4713 1364 4757; x_wconf 87' lang='lat' dir='ltr'><strong>textum.</strong></span> 
     </span>
    </p>

    <p class='ocr_par' dir='ltr' id='par_1_7' title="bbox 430 4793 1621 4860">
     <span class='ocr_line' id='line_1_43' title="bbox 430 4793 1621 4860; baseline -0.002 -14"><span class='ocrx_word' id='word_1_361' title='bbox 430 4793 465 4858; x_wconf 77' lang='lat'><strong>37)</strong></span> <span class='ocrx_word' id='word_1_362' title='bbox 499 4796 610 4846; x_wconf 80' lang='lat' dir='ltr'><strong>Nostrae</strong></span> <span class='ocrx_word' id='word_1_363' title='bbox 628 4811 691 4844; x_wconf 86' lang='lat' dir='ltr'><strong>sane</strong></span> <span class='ocrx_word' id='word_1_364' title='bbox 709 4795 886 4860; x_wconf 83' lang='lat' dir='ltr'><strong>disquisitioni</strong></span> <span class='ocrx_word' id='word_1_365' title='bbox 905 4794 1012 4860; x_wconf 79' lang='lat' dir='ltr'><strong>peritnle</strong></span> <span class='ocrx_word' id='word_1_366' title='bbox 1030 4798 1084 4858; x_wconf 84' lang='lat' dir='ltr'><strong>est,</strong></span> <span class='ocrx_word' id='word_1_367' title='bbox 1102 4793 1304 4858; x_wconf 89' lang='lat' dir='ltr'><strong>Theopompone</strong></span> <span class='ocrx_word' id='word_1_368' title='bbox 1319 4808 1351 4842; x_wconf 89' lang='lat' dir='ltr'><strong>an</strong></span> <span class='ocrx_word' id='word_1_369' title='bbox 1368 4793 1469 4857; x_wconf 87' lang='lat' dir='ltr'><strong>Ephoro</strong></span> <span class='ocrx_word' id='word_1_370' title='bbox 1484 4794 1621 4844; x_wconf 86' lang='lat' dir='ltr'><strong>Timacum</strong></span> 
     </span>
    </p>
   </div>
   <div class='ocr_carea' id='block_1_4' title="bbox 0 0 1782 5724">
    <p class='ocr_par' dir='ltr' id='par_1_8' title="bbox 0 0 1782 5724">
     <span class='ocr_line' id='line_1_44' title="bbox 0 0 1782 5724; baseline 0 0"><span class='ocrx_word' id='word_1_371' title='bbox 0 0 1782 5724; x_wconf 95' lang='lat' dir='ltr'><strong> </strong></span> 
     </span>
    </p>
   </div>
  </div>
 </body>
</html>
