3546 5724
770 491 807 558 aa
1230 494 1326 578 aaa,
1351 497 1399 560 aa.

216 683 296 746 Cum
314 685 414 763 igitur
431 684 606 745 viderimus
625 685 742 745 Timaei
761 704 797 745 ac
816 686 913 746 fontis
932 686 958 744 X
976 687 1109 746 eandem
1128 688 1230 747 fuisse
1249 689 1402 748 rationem

178 783 326 859 (uterque
357 785 442 843 enim
473 786 562 843 iuxta
594 785 760 859 Ephorum
794 785 842 844 vel
873 786 1114 861 Theopompum
1145 787 1345 846 traditionem
1380 786 1402 846 S

176 881 352 958 adhibuit),
387 884 474 943 nulla
506 885 610 958 potest
640 886 748 942 extare
778 883 950 957 dubitatio,
985 884 1063 958 quin
1093 884 1280 944 Timaeus
1307 886 1403 944 fuerit

175 980 247 1038 fons
275 981 327 1039 ille
355 981 398 1055 X,
429 998 494 1055 quo
522 981 634 1039 nititur
663 981 872 1057 PlutarchuS,
904 982 972 1040 sive
997 982 1256 1042 constituendum
1277 984 1403 1043 videtur

175 1077 383 1136 Plutarchum
405 1079 512 1153 ipsum
534 1078 661 1137 Timaeo
682 1096 778 1138 usum
800 1095 871 1138 esse
892 1111 931 1120 —
952 1080 1003 1138 cui
1021 1080 1162 1154 opinioni
1181 1081 1258 1138 nihil
1275 1081 1404 1140 obstare

174 1176 355 1250 putaverim
385 1209 440 1251 —,
474 1176 543 1234 sive
570 1193 626 1250 per
654 1176 790 1234 aliorum
816 1193 934 1235 manus
962 1177 1031 1234 eius
1060 1177 1203 1237 notitiam
1232 1179 1403 1237 Plutarcho

174 1273 362 1332 innotuisse.

214 1370 388 1439 Quaeritur
403 1390 504 1447 nuno,
522 1389 641 1446 exque
657 1372 807 1446 qualique
822 1371 904 1430 libro
921 1372 1066 1447 petiverit
1082 1373 1231 1432 Timaeus
1246 1374 1402 1450 epigram·

175 1469 268 1528 matis
297 1470 498 1529 traditionem
531 1470 563 1529 S.
601 1470 701 1545 Quid,
733 1471 819 1544 quod
846 1470 932 1528 illius
960 1471 1080 1530 fontem
1108 1471 1209 1529 fuisse
1236 1489 1403 1530 censemus

176 1566 374 1643 Syllogen
404 1567 695 1642 Simonideam,
727 1585 809 1642 quae
836 1570 885 1626 est
913 1586 949 1627 ea
977 1569 1115 1628 collectio
1136 1569 1403 1644 epigrammatum

175 1667 267 1724 antea
289 1683 542 1740 anonymorum,
566 1682 649 1740 quae
672 1664 845 1724 Simonidis
867 1666 1055 1725 auctoritate
1075 1659 1228 1742 insignita
1249 1667 1340 1727 erat?
1364 1669 1402 1727 In

174 1781 209 1822 ea
227 1766 336 1823 textus
354 1781 482 1838 quoque
500 1763 739 1839 epigrammatis
758 1766 900 1822 mutatus
919 1765 1048 1823 extabat
1064 1767 1161 1839 atque
1176 1782 1266 1825 exea
1283 1783 1401 1826 novum

175 1861 299 1920 donarii
321 1879 424 1937 genus
445 1861 659 1936 acquisiverat
681 1861 840 1920 Timaeus.
879 1859 1039 1921 Timacus
1058 1862 1157 1937 igitur
1179 1863 1315 1937 scriptor
1335 1867 1399 1938 est,

175 1959 260 2032 quali
283 1959 376 2017 nobis
397 1976 479 2034 opus
500 1977 571 2018 esse
591 1960 731 2018 diximus
755 1957 790 2036 (ξ
813 1958 865 2034 24)
889 1959 929 2017 ad
950 1960 1123 2018 terminum
1144 1961 1401 2020 constituendum

176 2057 255 2115 date
283 2074 379 2131 quern
410 2056 538 2133 Sylloge
568 2057 749 2116 Simonidea
772 2057 960 2116 concinnata
980 2075 1052 2116 esse
1074 2059 1243 2118 videretur.
1269 2060 1401 2119 Librum

175 2155 310 2230 Timaei,
342 2173 437 2230 quem
465 2156 548 2214 inter
576 2155 697 2231 primos
726 2155 826 2214 luisse
854 2156 993 2214 sciamus
1015 2189 1059 2209 .—
1086 2156 1182 2214 tradit
1203 2156 1287 2215 enim
1310 2158 1401 2217 Athe-

176 2271 275 2313 naeus
306 2271 381 2313 eum
409 2255 510 2313 fuisse
538 2255 707 2328 septimum
729 2252 769 2329 38)
799 2288 854 2330 -,
890 2254 972 2313 circa
1000 2271 1122 2312 annum
1151 2254 1209 2314 300
1238 2255 1287 2313 vel
1314 2256 1402 2314 haud

176 2351 274 2409 multo
295 2354 368 2426 post
389 2352 606 2426 conscriptum
627 2369 698 2410 esse
719 2352 779 2410 rati
801 2369 819 2410 a
842 2369 918 2410 vero
940 2369 1003 2411 non
1026 2352 1227 2411 aberravisse
1243 2353 1399 2412 videmur.

178 2447 328 2524 Syllogen
352 2449 566 2508 Simonideam
588 2450 687 2525 igitur
706 2450 768 2509 iam
787 2447 892 2509 initio
910 2447 1040 2509 eccard
1058 2447 1153 2509 tertii
1169 2451 1270 2508 fuisse
1287 2452 1402 2510 consti-

174 2549 263 2606 tuere
284 2564 468 2622 possumus

216 2643 307 2723 533.
354 2643 405 2705 De
432 2643 698 2723 epigrammatis
723 2645 790 2706 137
812 2646 929 2706 formo
950 2643 983 2706 8.
1029 2647 1278 2722 Epigrammatis
1301 2648 1402 2706 nostri

176 2743 281 2801 textus
306 2744 519 2803 constituendi
542 2745 622 2803 ratio
644 2762 708 2803 non
730 2762 766 2804 ea
787 2745 886 2820 igitur
907 2747 971 2820 est,
1002 2746 1038 2803 ut
1059 2745 1329 2820 interpretationis
1351 2747 1402 2806 via

176 2842 347 2917 genuinam
369 2843 585 2917 adipiscamur
606 2843 759 2919 formam,
788 2843 844 2902 sed
865 2846 901 2901 ut
922 2843 996 2901 inde
1017 2842 1057 2901 ab
1079 2843 1167 2902 initio
1188 2843 1270 2902 duas
1291 2845 1402 2903 distin-

176 2956 312 3014 guamus
330 2940 533 3015 traditiones,
558 2940 689 2998 alteram
709 2941 921 3014 antiquiorem
938 2937 1009 3017 (A),
1033 2958 1116 3015 quae
1132 2940 1257 3016 integra
1276 2945 1402 3002 servata

175 3039 222 3095 est
242 3055 281 3096 ex
303 3038 507 3113 Theopompo
528 3039 561 3097 in
586 3038 712 3098 Scholio
734 3039 919 3114 Pindarico,
944 3039 1077 3097 alteram
1098 3040 1303 3098 recentiorem
1328 3039 1399 3116 (S),

176 3153 271 3210 quarn
293 3136 382 3194 iuxta
404 3136 430 3194 A
451 3136 625 3195 adhibitam
646 3137 830 3196 invenimus
852 3137 937 3211 apud
953 3137 1151 3196 Athenaeum
1167 3141 1263 3210 atque
1279 3138 1402 3195 Plutar-

175 3234 279 3293 chum.
305 3234 473 3294 Reicienda
490 3235 589 3310 igitur
606 3237 655 3293 est
671 3252 708 3294 ea
726 3237 833 3293 textus
851 3234 1008 3292 tractandi
1028 3233 1125 3308 ratio,
1150 3251 1248 3307 quam
1266 3234 1401 3309 amplexi

176 3335 249 3390 sunt
278 3332 340 3391 viri
368 3332 450 3392 docti
479 3350 606 3408 omneS,
637 3335 673 3391 ut
700 3350 739 3391 ex
765 3332 915 3391 omnibus
937 3331 1163 3407 varietatibus,
1195 3349 1277 3406 quas
1299 3332 1402 3390 diver-

175 3446 282 3488 sarum
319 3431 526 3489 traditionum
560 3448 631 3490 esse
666 3431 813 3507 proprias
847 3431 1007 3506 vidimuS,
1044 3448 1144 3489 uuam
1177 3435 1402 3504 componerent

175 3601 335 3608 ——.-

174 3730 251 3764 nsum
269 3730 328 3765 esse
347 3720 478 3778 putemus.
512 3715 578 3765 Cum
597 3722 688 3766 autem
706 3717 856 3766 stemmatis
874 3717 1023 3766 delineandi
1042 3731 1122 3765 causa
1139 3713 1163 3776 (ἓ
1182 3714 1226 3773 36)
1244 3708 1319 3778 optio
1333 3722 1403 3765 esset

175 3801 306 3863 iacienda,
325 3801 352 3849 in
371 3815 401 3849 eo
419 3801 602 3863 accipiendum
621 3816 677 3850 esse
695 3801 808 3850 iudicavi
827 3801 1025 3864 Theopompum
1044 3801 1144 3850 Timaei
1159 3801 1242 3848 luisse
1258 3804 1402 3850 auctorem.

175 3886 291 3949 Uterque
318 3885 389 3934 enim
418 3900 501 3934 unum
528 3891 633 3935 tantum
660 3901 690 3935 ex
718 3887 837 3950 quinque
861 3886 1059 3949 epigrammatis
1083 3885 1258 3934 Corinthiacis
1281 3885 1402 3932 laudasse

175 3971 285 4020 ridetur.
312 3969 429 4020 Certiora
447 3975 606 4033 argumento
625 3975 774 4033 uteremur,
793 3973 814 4020 si
832 3977 966 4020 constaret
982 3971 1115 4033 duplicem
1133 3970 1165 4018 de
1184 3969 1295 4018 Veneris
1311 3969 1405 4030 templi

173 4057 273 4120 origine
297 4055 414 4104 tabulam
438 4071 453 4103 a
476 4055 643 4118 Theopompo
667 4055 791 4119 Ephoreis
816 4057 902 4106 verbis
925 4071 982 4106 esse
1005 4056 1177 4117 adiunctam,
1200 4051 1291 4118 ‘quam
1309 4055 1407 4115 apponi

175 4155 224 4189 non
250 4141 362 4189 dedecet
386 4139 546 4203 Theopompi
572 4136 743 4202 φιλομυθίαν·
769 4139 958 4201 (Wilamowitz
981 4141 1081 4192 Comm.
1108 4138 1165 4204 p.3
1190 4154 1216 4188 n.
1235 4138 1271 4201 1).
1296 4135 1323 4186 Si
1347 4139 1410 4201 quis

174 4225 254 4288 igitur
265 4225 401 4288 liphorum
414 4239 470 4273 esse
482 4229 640 4288 usurpatum
655 4239 669 4273 a
681 4225 788 4275 Timaeo
800 4227 919 4290 accipere
931 4228 1021 4288 malit,
1040 4227 1163 4288 equidem
1179 4239 1233 4272 non
1247 4223 1409 4286 repugnabo.

205 4307 240 4370 ³⁸)
275 4309 411 4372 Septimus
436 4309 503 4358 liber
528 4310 654 4358 nimirum
682 4309 748 4358 liber
773 4311 903 4372 septimus
930 4316 978 4360 est.
1005 4309 1079 4368 Quod
1105 4312 1161 4360 dico
1186 4314 1293 4372 propter
1315 4321 1408 4357 eorum

174 4397 339 4456 commenta,
369 4394 415 4456 qui
443 4393 469 4441 in
496 4393 596 4442 Timaei
625 4393 752 4442 librorum
784 4397 903 4445 numeris
929 4396 995 4445 dnos
1021 4394 1128 4445 ordines
1153 4394 1271 4444 diversos
1296 4393 1410 4441 inveniri

176 4483 342 4540 putaverunt.
365 4477 438 4536 Quae
456 4483 596 4542 postquam
614 4478 720 4541 explosa
737 4483 801 4528 sunt
818 4495 833 4528 a
852 4481 975 4532 Belochio
994 4480 1080 4529 Fleclr.
1100 4477 1215 4530 111183.
1234 4477 1296 4530 1881
1318 4493 1342 4540 p.
1360 4476 1409 4526 697

175 4578 243 4627 sqq,
261 4565 350 4613 denuo
367 4568 533 4612 emerserunt
549 4564 576 4612 in
594 4564 687 4612 eodem
706 4563 788 4613 diario
805 4562 863 4614 137.
881 4564 947 4615 1888
966 4580 989 4627 p.
1000 4563 1049 4613 815
1065 4580 1123 4629 sqq.
1142 4563 1181 4612 cl.
1201 4567 1248 4627 qni
1268 4564 1410 4618 novissime

176 4647 205 4695 de
229 4647 329 4696 Timaei
355 4647 441 4710 operis
466 4650 616 4698 oeconomia
641 4648 786 4711 disputavit
812 4648 946 4701 Schwartz
970 4651 1057 4699 llerm.
1083 4648 1124 4700 at.
1150 4647 1215 4696 1889
1238 4667 1260 4713 ρ,
1279 4646 1324 4696 llll
1353 4663 1409 4712 sqq.

176 4731 211 4780 lle
233 4731 333 4781 Timaei
358 4732 431 4780 libris
451 4733 543 4795 primis
559 4733 627 4782 circa
645 4747 746 4782 annum
765 4731 815 4782 300
833 4736 931 4797 publici
950 4736 1016 4784 iuris
1034 4734 1112 4784 lactis
1130 4735 1161 4784 cl.
1181 4733 1317 4784 Susemihl
1336 4733 1409 4783 illex.

177 4815 233 4866 Lilt.
253 4819 270 4867 l.
289 4816 339 4865 toll
356 4822 384 4865 et
400 4816 450 4866 871
467 4833 492 4867 n.
511 4816 555 4881 ⁶28,
574 4817 707 4867 Schwartz
725 4820 760 4868 ll.
781 4834 803 4882 p.
822 4819 880 4870 188.
