3546 5724
829 462 866 530 n
1286 463 1305 550 s
1330 466 1456 541 nen.

233 655 385 719 habuisse
413 656 538 719 videtur
563 657 713 719 carminis
736 658 1022 735 Amphictyonibus
1043 654 1228 719 donandit.
1242 658 1342 736 Quid,
1374 662 1460 736 quod

233 758 479 834 Amphictyones
500 758 703 840 Simonidem,
713 758 942 833 invitaverant,
964 761 999 817 ut
1018 760 1110 832 pacta
1128 758 1262 832 pecunia
1282 756 1456 836 omnibus,

233 874 314 931 quos
342 859 535 931 statuerent,
566 857 667 932 cippis
692 856 833 915 carmina
855 856 1019 932 conderet,
1051 859 1142 930 poeta
1165 859 1269 915 autem
1292 857 1458 931 pecuniam

233 955 292 1013 sthi
320 955 459 1014 debitam
487 973 545 1030 pro
566 955 794 1030 epigrammate
814 954 847 1011 in
869 953 1004 1029 hospitis
1026 955 1076 1012 sui
1099 954 1249 1013 honorem
1274 954 1458 1014 recusavit?

235 1052 287 1112 Sic
314 1053 433 1112 tactum
461 1055 526 1127 est,
558 1054 593 1110 ut
621 1054 712 1126 poeta
741 1050 809 1126 ipse
830 1051 926 1109 huius
948 1050 1164 1125 inscriptionis
1186 1050 1347 1110 dedicator
1368 1071 1458 1112 voca-

234 1153 339 1226 retur,
381 1153 557 1210 ceterarum
597 1152 703 1208 autem
744 1151 1011 1226 Amphictyones3
1055 1150 1182 1222 quibus,
1213 1150 1240 1207 si
1280 1149 1458 1210 Simonides

232 1249 398 1323 pecuniam
440 1266 503 1308 non
543 1248 737 1321 remisisset,
784 1247 947 1323 Megistiae
985 1263 1114 1322 quoque
1151 1248 1390 1323 epigrammatis
1430 1247 1460 1307 oi

232 1342 460 1423 ἐπιγράψαντες
490 1346 564 1404 dicti
595 1347 711 1404 essent.
755 1345 1001 1420 Amphictyones
1033 1345 1132 1420 igitur
1163 1363 1247 1419 non,
1283 1348 1319 1404 ut
1350 1347 1459 1405 Kaibel

233 1443 347 1518 voluit,
378 1444 507 1519 cippum
531 1443 684 1502 Simonidi
707 1443 925 1518 donaverunt,
955 1442 1010 1501 sed
1032 1443 1083 1502 hic
1104 1443 1166 1500 illis
1187 1443 1382 1519 epigramma
1404 1444 1454 1521 13).
1506 1448 1508 1452 ’

271 1541 384 1616 Itaque
405 1542 519 1617 exiis,
548 1558 630 1620 quae
651 1541 829 1616 disputavi,
855 1544 987 1615 apparet
1011 1539 1204 1600 Simonidem
1228 1559 1305 1600 non
1328 1543 1457 1602 solum

232 1643 388 1714 poetam
424 1657 513 1699 esse
548 1640 766 1715 Megistiae
799 1639 1130 1714 epigrammatiS,
1168 1655 1307 1713 quocum
1343 1658 1457 1700 nomen

231 1737 299 1796 eius
317 1739 352 1795 ut
371 1737 560 1796 dedicatoris
579 1737 620 1795 sit
635 1737 858 1810 coniunctum,
883 1735 953 1794 sed
975 1736 1094 1794 etiam
1118 1737 1457 1812 epigrammatum
1521 1803 1524 1810 Ι

233 1835 626 1910 Peloponnesiorum
665 1837 703 1918 et
743 1834 1068 1909 Spartiatarum,
1110 1851 1192 1908 quae
1229 1835 1329 1909 pretio
1367 1840 1458 1910 pacto

232 1933 499 2008 Amphictyonum
521 1933 612 1990 iussu
634 1931 819 1991 condiderit.

269 2029 339 2098 Qua
372 2031 412 2088 de
443 2046 539 2089 causa
572 2029 658 2104 apud
690 2028 888 2088 Herodotum
923 2027 1103 2086 Simonides
1135 2046 1200 2089 non
1232 2031 1374 2088 omnium
1408 2033 1458 2090 vel

232 2129 340 2187 saltem
371 2127 535 2203 Megistiae
562 2127 799 2203 epigrammatis
826 2127 947 2186 auctor
968 2128 1115 2201 vocetur,
1146 2126 1178 2184 id
1200 2127 1328 2186 demum
1351 2128 1458 2187 videre

232 2227 406 2300 poterimus
430 2223 464 2302 (ἓ
490 2223 558 2300 19),
583 2243 656 2284 cum
678 2225 710 2282 in
733 2225 932 2283 Herodoteae
953 2224 1082 2282 notitiae
1103 2224 1223 2283 iontem
1244 2227 1340 2298 atque
1360 2226 1457 2284 fidem

231 2324 504 2398 inquisiverimus.
793 2395 796 2403 Δ
882 2339 884 2342 ·

273 2419 362 2498 §12¹
410 2418 461 2481 De
496 2418 669 2480 Herodoti
704 2416 812 2479 fontis
842 2416 1081 2496 inquisitione.
1127 2419 1285 2487 Quoniam
1317 2420 1456 2480 vidimus

231 2537 269 2577 ex
304 2537 372 2578 mea
405 2519 464 2577 loci
495 2517 665 2576 Herodotei
697 2517 956 2592 interpretatione
987 2517 1100 2575 deduci
1132 2534 1227 2591 posse
1257 2519 1364 2577 omnia
1396 2521 1456 2578 tria
1526 2528 1528 2531 ’

231 2615 460 2691 epigrammata
481 2615 661 2674 condidisse
684 2614 892 2689 Simonidem,
917 2618 1028 2674 nostra
1050 2633 1146 2689 quam
1169 2616 1305 2675 maxime
1325 2617 1457 2676 interest

231 2713 439 2788 investigare,
472 2731 548 2771 num
578 2730 652 2771 vera
682 2730 718 2772 ac
746 2713 809 2772 lide
835 2713 931 2788 digna
954 2714 994 2771 sit
1015 2713 1159 2788 traditio,
1191 2731 1255 2788 qua
1277 2715 1456 2774 Herodotea

232 2811 350 2870 nitatur
379 2811 531 2870 narratio.
569 2812 630 2868 Per
652 2828 686 2870 se
708 2829 785 2870 sane
806 2810 1002 2886 singularius
1024 2814 1088 2886 est,
1120 2812 1206 2886 quod
1228 2812 1306 2870 alter
1328 2813 1456 2888 cippum

231 2908 356 2984 statuit,
388 2908 439 2967 eui
468 2908 547 2967 alter
574 2908 812 2983 inscriptionem
840 2909 1076 2967 inscribendam
1106 2911 1213 2984 curat,
1246 2927 1342 2984 quam
1368 2914 1403 2969 ut
1424 2910 1456 2968 id

230 3007 369 3081 contingi
391 3023 486 3081 posse
507 3005 663 3064 videatur.
709 3007 855 3066 Attamen
876 3009 944 3064 tum
967 3006 1095 3065 demum
1118 3025 1244 3066 summo
1265 3009 1335 3066 iure
1357 3008 1456 3067 Hero·

230 3103 294 3161 doti
322 3103 466 3162 notitiam
495 3121 565 3162 esse
594 3121 702 3162 veram
726 3102 769 3179 (et
791 3121 886 3179 porro
908 3121 1037 3178 quoque
1058 3122 1141 3179 quae
1161 3122 1200 3163 ex
1222 3123 1257 3164 ea
1280 3105 1456 3165 derivanda

230 3201 321 3260 nobis
349 3199 556 3277 videbantur)
579 3201 742 3260 affirmare
763 3202 955 3277 poterimuS,
988 3219 1061 3260 cum
1082 3203 1360 3277 constituerimuS,
1391 3221 1455 3278 qua

230 3302 259 3357 et
289 3299 376 3373 quali
406 3298 457 3358 via
485 3299 526 3358 ad
553 3316 627 3357 eum
656 3317 692 3358 ea
722 3301 911 3374 pervenerit.
948 3300 1148 3359 Instituenda
1170 3301 1268 3377 igitur
1289 3304 1337 3360 est
1357 3302 1456 3360 fontis

230 3396 383 3455 Herodoti
410 3397 587 3471 inquisiti0;
617 3415 681 3471 qua
709 3398 802 3456 nobis
831 3400 993 3472 praeterea
1023 3398 1150 3457 duabus
1177 3398 1342 3459 decausis
1365 3402 1457 3459 valde

229 3511 310 3568 opus
332 3497 388 3553 ast.

269 3592 337 3651 Iam
366 3609 466 3667 supra
496 3591 556 3668 §3
585 3610 615 3650 n.
641 3593 659 3650 2
690 3593 786 3652 verbo
814 3595 902 3670 tetigi
930 3595 1167 3670 difficultatem,
1199 3597 1248 3654 cui
1277 3597 1455 3657 Herodotea

228 3690 388 3749 enarratio
414 3690 594 3765 honorum,
629 3692 747 3765 quibus
779 3693 817 3768 ii,
852 3694 906 3767 qui
939 3695 971 3752 in
1003 3694 1226 3769 Thermopylis
1254 3695 1452 3771 ceciderunt,

228 3788 333 3847 affecti
361 3791 454 3863 sunt,
488 3790 592 3848 locum
621 3790 697 3849 dare
725 3790 860 3849 videtur.
896 3792 1040 3850 Primum
1062 3793 1146 3850 enim
1167 3793 1363 3868 epigramma
1387 3793 1453 3869 (91)

227 3886 260 3944 in
291 3903 402 3945 eorum
434 3887 619 3946 memoriam
651 3905 721 3945 csse
751 3888 906 3962 scriptum
938 3907 976 3948 ex
1009 3889 1156 3947 versibus
1184 3890 1263 3964 ipsis
1291 3891 1452 3965 effeceris,

229 3985 283 4058 qui
301 3987 523 4060 etquattuor,
549 4002 639 4061 quoe
656 4002 732 4044 cum
751 3983 908 4045 Leonida
924 3985 1087 4062 fuissent,
1112 3987 1240 4046 milibus
1259 3987 1353 4046 Pelo
1365 4005 1455 4062 pon·

229 4083 452 4158 nesiorum,
471 4080 730 4158 cecidissemus
747 4084 816 4142 idco
831 4084 863 4142 id
878 4084 1047 4159 hucusque
1060 4085 1454 4159 Peloponnesiorum

230 4245 386 4253 ι*-

261 4359 294 4423 18)
328 4361 478 4411 Inuitatum
497 4363 576 4411 fuisse
594 4362 757 4414 Simonidem
776 4365 808 4413 ab
827 4364 1066 4428 Amphictyonibus
1084 4366 1137 4414 ium
1153 4370 1224 4414 recte
1240 4365 1325 4428 Bergk
1342 4365 1455 4428 viderat,

230 4446 274 4508 qui
296 4451 401 4509 tamen,
426 4451 456 4496 ut
478 4447 531 4496 iam
556 4447 622 4511 dixi,
646 4447 810 4498 Simonidem
829 4449 951 4512 petivisse
970 4449 1080 4512 putabat
1097 4449 1130 4498 ab
1147 4449 1400 4514 Amphictyonihus,
1426 4457 1456 4500 ut

230 4529 276 4579 sihi
292 4533 371 4580 iusto
388 4532 512 4594 gentium
529 4539 709 4582 monumenta
726 4535 759 4583 ab
777 4535 818 4583 his
835 4539 950 4596 statuta,
970 4535 1069 4596 hospiti
1086 4536 1223 4598 cippum
1242 4551 1337 4599 ponere
1357 4537 1454 4586 liceret.

260 4613 293 4675 1⁴)
327 4615 498 4679 Epitaphium
525 4617 545 4665 si
571 4617 608 4666 sic
631 4617 745 4679 explicas
769 4619 871 4667 nullam
897 4619 977 4666 habet
1001 4618 1195 4669 difficultatem.
1223 4621 1361 4670 Kirchholi
1382 4623 1454 4671 euim

230 4697 306 4758 (Mon.
326 4701 382 4749 Ber.
403 4701 469 4749 Berl.
488 4701 536 4750 Ak.
555 4699 621 4750 1878
639 4717 662 4764 p.
682 4699 697 4748 3
717 4717 741 4751 n.
761 4701 802 4763 D:
830 4699 953 4751 ‘Herodot
972 4705 1018 4752 hat
1035 4705 1081 4753 das
1099 4704 1257 4754 Monument
1274 4706 1454 4755 wahrschein-

231 4783 279 4832 lich
294 4769 464 4834 irrthiimlicli
480 4787 518 4834 als
533 4786 576 4834 ein
593 4786 722 4835 Denkmal
739 4787 783 4835 fiir
795 4787 837 4835 die
851 4785 1046 4837 Gefalleueu
1060 4789 1228 4852 autgeiiihrt,
1247 4806 1301 4840 was
1313 4805 1341 4840 es
1353 4792 1453 4856 wenig-
