3516 5712
370 517 446 591 cap.
470 514 538 592 111,
565 515 611 576 19.
953 516 1009 576 154

369 705 475 780 gicum
515 703 571 790 145
612 701 678 778 (VI.
713 699 785 778 213)
825 705 855 761 et
892 705 1039 762 nostrum
1076 719 1124 777 ep.
1159 703 1213 760 VI.
1248 700 1322 761 213*
1356 702 1592 762 dirimerentur.

369 802 525 877 Meleager
552 800 650 876 igitur
671 803 848 875 utrumque·
866 818 914 875 ep.
940 799 1142 875 choregicum
1166 799 1383 859 Simonideum
1405 818 1444 859 ex
1467 800 1596 876 Sylloge

371 899 552 959 Simoniden
585 899 740 974 recepisse
772 899 912 973 videtur,
948 899 1104 973 Cephalas
1135 902 1242 958 autem
1272 898 1407 958 alterum
1437 896 1521 975 (147)
1555 915 1595 955 ex

370 998 494 1056 Corona
516 1014 580 1056 non
602 995 756 1055 ascivisse
775 995 840 1072 12³).

408 1097 458 1154 Ex
485 1096 545 1154 hac
572 1095 778 1171 inscriptione
804 1096 926 1154 discere
954 1111 1145 1171 possumus,
1175 1097 1337 1155 auctorem
1362 1094 1395 1152 in
1417 1095 1593 1170 Meleagrea

370 1193 494 1252 Corona
516 1210 565 1268 ep.
590 1195 737 1251 nostrum
758 1209 822 1251 non
845 1192 1007 1252 invenisse
1027 1193 1060 1250 in
1082 1194 1185 1252 forma
1206 1193 1344 1252 duorum
1365 1190 1590 1265 distichorum,

368 1307 466 1364 quam
494 1290 649 1349 habemus
677 1291 710 1349 in
738 1290 833 1349 Anth.
855 1290 920 1348 Pal.
941 1290 1081 1365 legitque
1101 1291 1164 1349 iam
1185 1291 1218 1349 in
1239 1290 1334 1349 Anth.
1357 1290 1453 1364 Ceph.
1477 1288 1593 1349 Suidas

369 1404 399 1445 v.
429 1384 571 1466 ἀγοστῷ,
606 1387 661 1446 sed
694 1405 759 1447 uno
791 1387 927 1447 disticho
956 1389 1193 1464 continebatur,
1224 1406 1289 1464 qua
1316 1389 1418 1448 forma
1448 1387 1592 1464 Sylloges

369 1486 604 1545 Anacreonteae
621 1486 877 1544 concinnatorem
896 1485 928 1544 id
946 1487 1106 1561 accepisse
1121 1487 1291 1546 verisimile
1305 1486 1497 1546 dicebamus.
1522 1485 1592 1543 Ete-

369 1583 452 1660 nim,
477 1601 548 1642 cum
566 1583 698 1642 imitatio
717 1583 872 1642 subsistat
889 1583 921 1642 in
940 1583 1053 1643 iisdem
1072 1585 1195 1660 verbis,
1220 1585 1338 1659 quibus
1356 1582 1592 1661 epigrammatis

369 1682 470 1740 nostri
492 1681 594 1740 torma
616 1681 784 1756 primaria,
808 1681 896 1740 nullo
914 1684 1006 1756 pacto
1024 1682 1093 1740 fieri
1111 1685 1231 1759 potest,
1255 1684 1291 1741 ut
1308 1682 1475 1741 credamus
1493 1680 1592 1739 imita-

368 1783 469 1840 torem
490 1780 619 1839 novisse
639 1779 737 1838 huius
759 1779 997 1856 epigrammatis
1018 1779 1175 1839 distichon
1198 1781 1333 1839 alterum
1354 1779 1535 1839 insiticium.

410 1878 490 1937 (lum
524 1878 587 1938 iam
619 1880 712 1936 antea
746 1875 789 1954 (p.
826 1875 897 1953 152)
932 1877 1106 1936 viderimus
1137 1878 1333 1953 Meleagrum
1364 1880 1510 1937 nostrum
1541 1893 1589 1950 ep.

369 1975 519 2049 petivisse
553 1993 592 2034 ex
629 1974 757 2051 Sylloge
792 1975 1027 2049 Anacreontea,
1066 1993 1152 2034 nunc
1183 1979 1289 2034 autem
1320 1993 1359 2035 ex
1389 1974 1595 2050 inscriptione

368 2072 533 2148 choregiea
554 2072 754 2131 effecerimus
775 2072 965 2132 imitatorem
986 2072 1019 2130 id
1039 2072 1201 2131 invenisse
1220 2073 1254 2131 in
1277 2073 1401 2132 Corona
1419 2073 1593 2146 Meleagrea

369 2153 440 2243 p0¹st
468 2169 532 2228 duo
560 2169 725 2245 choregica
751 2187 821 2245 epp.
848 2169 1047 2244 Simoniden,
1078 2186 1207 2229 necesse
1228 2173 1275 2229 est
1296 2171 1492 2246 epigramma
1513 2168 1594 2227 sicut

369 2267 462 2324 hodie
492 2267 524 2325 in
556 2267 651 2326 Anth.
684 2268 843 2342 Palatina,
878 2268 921 2326 ita
953 2267 1016 2326 iam
1047 2268 1149 2326 aetate
1178 2268 1381 2343 imperatoria
1408 2268 1440 2326 in
1470 2268 1592 2327 Corona

282 2345 289 2360 ⁶
370 2365 545 2440 Meleagrea
566 2364 616 2423 bis
636 2365 753 2424 lectum
774 2382 844 2424 esse
867 2363 913 2442 (in
932 2365 1029 2424 unius
1044 2367 1150 2424 tamen
1164 2366 1290 2425 distichi
1305 2363 1433 2441 forma).
1459 2364 1593 2423 Multum

369 2464 475 2520 autem
494 2462 599 2537 abest,
621 2462 698 2536 quin
713 2463 931 2536 interpolatori
946 2463 1105 2522 nesciocui
1118 2463 1316 2522 iterationem
1330 2461 1438 2521 deberi
1452 2461 1592 2533 credam

369 2577 476 2618 nonne
497 2560 653 2635 Meleager
674 2560 802 2635 saepius
820 2577 857 2618 eo
875 2561 1006 2619 consilio
1023 2562 1252 2636 epigrammata
1270 2561 1431 2637 repetivit,
1455 2562 1491 2618 ut
1508 2575 1594 2617 nunc

279 2653 281 2658 ’
369 2660 546 2733 auctorem,
572 2674 659 2716 nunc
676 2661 903 2732 argumentum
922 2659 1091 2733 respiceret
1111 2658 1163 2734 (ci.
1185 2657 1204 2735 ξ
1224 2657 1296 2734 89)ἓ
1320 2656 1593 2718 constituentibus

369 2756 475 2813 autern
503 2755 595 2813 nobis
622 2755 684 2814 iam
706 2773 724 2814 a
746 2755 904 2830 Meleagro
925 2756 995 2831 ipso
1017 2757 1076 2815 hoc
1097 2757 1293 2832 epigramma
1314 2756 1417 2815 bisin
1439 2755 1593 2830 epigram·

369 2855 490 2911 matum
519 2853 600 2912 serie
628 2853 813 2913 collocatum
841 2853 912 2912 esse
933 2854 1151 2913 confitendum
1172 2856 1220 2912 est
1240 2854 1310 2913 iieri
1332 2871 1396 2913 non
1418 2869 1528 2928 posse,
1559 2854 1594 2911 ut

369 2951 410 3009 ab
437 2968 474 3009 eo
501 2953 697 3027 epigramma
725 2968 764 3009 ex
791 2950 919 3027 Sylloge
940 2951 1179 3012 Anacreontea
1199 2952 1387 3012 arcessitum
1408 2952 1507 3010 altero
1527 2950 1594 3010 loco

369 3046 548 3108 Simonidi
568 3049 767 3125 assignatum
790 3049 841 3107 sit.
866 3049 953 3125 Ergo
974 3050 1086 3108 titulus
1108 3054 1162 3110 τοῦ
1184 3049 1298 3126 αὐτοῦ,
1324 3068 1387 3125 quo
1398 3050 1594 3125 epigramma

369 3147 422 3205 VI.
437 3144 510 3206 213*
528 3147 659 3221 gaudet,
680 3147 712 3205 in
730 3147 854 3206 Corona
869 3147 939 3221 ipsa
955 3164 1019 3206 non
1035 3149 1198 3223 spectabat
1215 3148 1409 3208 Simonidem
1426 3145 1493 3224 (VI.
1508 3144 1590 3221 213),

369 3244 425 3302 sed
446 3245 641 3320 epigramma
663 3245 822 3318 quoddam
845 3246 1053 3304 Anacreontis
1074 3246 1166 3304 titulo
1187 3247 1336 3305 ornatum
1343 3263 1351 3319 ;
1379 3262 1482 3319 neque
1503 3245 1593 3304 Mele-

369 3359 445 3417 ager
466 3359 514 3417 ep.
540 3342 646 3416 posuit
667 3346 739 3417 post
759 3343 823 3402 duo
845 3344 1010 3419 choregica
1031 3361 1101 3419 epp.
1131 3343 1328 3419 Simoniden,
1353 3343 1408 3402 sed
1429 3343 1463 3401 in
1485 3359 1593 3401 eorum

369 3440 500 3515 vicinia,
525 3440 611 3499 unde
630 3440 705 3500 illuc
726 3459 802 3500 casu
824 3442 931 3516 aliquo
953 3442 1114 3502 aberravit
1136 3440 1200 3524 144).
1235 3442 1297 3511 Qui
1317 3442 1368 3500 ille
1388 3441 1478 3500 locus
1500 3441 1593 3499 fuerit

368 3539 432 3596 iam
453 3538 717 3597 examinabimus.

411 3635 667 3696 Consentaneum
694 3640 742 3695 est
770 3637 966 3712 Meleagrum
993 3638 1189 3714 epigramma
1217 3639 1250 3697 in
1279 3639 1391 3698 seriem
1417 3638 1593 3696 Anacreon-

369 3737 451 3792 team
483 3735 613 3808 propter
644 3734 819 3793 auctorem
851 3737 1013 3808 receptum
1043 3735 1209 3794 iteravisse
1239 3735 1338 3794 altero
1367 3736 1435 3793 loco
1467 3735 1594 3808 propter

370 3831 624 3909 argumentum.
664 3831 837 3889 Videturne
858 3831 889 3888 in
913 3831 1028 3890 vicinia
1049 3833 1315 3908 epigrammatum
1339 3832 1593 3892 Simonideorum

369 3930 609 4005 choregicorum
642 3931 698 3989 145
732 3929 785 4006 (=
815 3930 868 3988 VI.
900 3928 972 4006 213)
1005 3933 1035 3990 et
1069 3931 1125 3989 147
1159 3929 1212 4008 (=
1241 3931 1313 4006 (VI.
1343 3927 1458 4008 213†>)
1488 3932 1594 3988 extare

369 4028 581 4103 epigramma,
610 4029 660 4087 cui
682 4028 837 4087 sententia
858 4028 1016 4102 quaedam
1038 4046 1110 4088 cum
1132 4029 1360 4104 epigrammate
1381 4030 1491 4086 nostro
1514 4043 1593 4086 com-

370 4125 477 4183 munis
499 4124 558 4184 sit?
585 4125 716 4200 Opinon.
740 4126 799 4200 Ep.
823 4124 1041 4186 Simonideum
1064 4127 1138 4203 164,
1159 4128 1212 4186 VI.
1234 4127 1309 4202 212,
1333 4126 1419 4200 quod
1441 4143 1541 4201 supra
1561 4141 1590 4199 p.

402 4399 449 4462 123)
484 4402 570 4450 Aliam
594 4404 817 4466 epigrammatum
840 4404 867 4452 in
891 4402 948 4452 Cor.
973 4403 1032 4452 Mel.
1057 4403 1202 4453 vicinorum
1226 4401 1402 4451 imitationem
1422 4399 1552 4450 habemus
1568 4399 1593 4447 in

370 4487 538 4549 inscriptione
556 4486 676 4536 Cretensi
694 4485 706 4548 ἕ
724 4486 795 4550 131,1
816 4488 932 4536 laudata.

403 4568 450 4630 124)
485 4569 511 4618 Si
534 4571 595 4633 quis
609 4563 728 4619 ¹coniciet
751 4575 813 4620 ante
837 4586 876 4633 ep.
893 4571 934 4620 Vl.
952 4569 1015 4620 213*
1039 4571 1165 4620 excidisse
1182 4586 1221 4634 ep.
1240 4570 1467 4632 Anacreonteum,
1490 4572 1594 4631 reputet

370 4670 409 4716 ep.
435 4656 485 4716 legi
509 4655 535 4702 in
560 4655 647 4703 media
670 4655 736 4704 serie
759 4654 918 4704 Simoniden.
946 4655 1007 4718 Epp.
1031 4656 1172 4718 sequentia
1196 4655 1237 4703 Vl.
1261 4653 1310 4702 214
1334 4669 1404 4717 sqq.,
1429 4668 1498 4716 quae
1516 4653 1593 4701 etiam

369 4740 448 4788 titulo
480 4742 525 4787 τοῦ
556 4735 637 4788 αὐτοῦ
671 4741 847 4802 muniuntur,
878 4755 910 4789 ex
942 4740 1006 4802 Syll.
1039 4740 1190 4789 Simoniden
1220 4739 1326 4788 fluxisse
1355 4739 1431 4787 docet
1459 4741 1549 4786 textus
1577 4735 1593 4786 S

369 4822 413 4882 111.
432 4820 444 4883 a
462 4821 511 4871 ras
528 4821 587 4886 squ.
