3546 5724
406 542 481 617 Cap.
507 543 550 600 Il.
996 541 1034 600 42

404 729 518 789 deduci
546 729 655 803 nequit
683 730 757 789 talia
784 731 1014 806 epigrammata
1042 747 1061 788 a
1089 729 1351 804 descriptore
1379 730 1468 805 ipso
1496 729 1528 788 in
1559 729 1621 805 Syl-

404 827 496 902 logen
524 844 594 885 6666
621 827 723 901 111616,
755 827 873 886 660616
901 827 1005 887 dicere
1033 827 1122 886 liceat
1149 829 1247 886 totam
1278 826 1429 903 Syllogen
1450 827 1494 884 illi
1515 827 1623 886 debere

403 925 568 1000 originem.
593 925 722 984 Minime
743 926 840 1001 igitur
860 926 930 984 luce
951 925 1068 984 clarius
1089 926 1137 984 est
1160 924 1268 1000 t‘zeigt
1287 923 1380 986 recht
1395 922 1555 984 deutlicb'
1572 923 1621 1000 R.)

374 1025 379 1032 '
404 1023 622 1098 Collectorem,
640 1025 676 1082 ut
690 1023 920 1099 epigrammata
934 1021 1115 1082 Simonidea
1131 1023 1345 1098 conquireret,
1363 1023 1484 1097 lapides
1499 1023 1619 1082 adiisse.

403 1122 605 1195 Quamquam
633 1121 732 1197 igitur
759 1123 789 1180 ct
815 1123 899 1180 recte
919 1121 1121 1180 contendisse
1142 1139 1202 1180 v.c.
1228 1121 1304 1179 mihi
1326 1121 1452 1180 videtur
1473 1121 1620 1196 alterum,

403 1219 489 1293 quod
516 1219 638 1293 attulit,
669 1220 865 1295 epigramma
895 1220 952 1279 105
980 1219 1077 1294 166101
1101 1219 1291 1295 inscriptum
1312 1219 1413 1278 fuisse
1436 1218 1513 1296 (qua
1534 1219 1573 1278 de
1592 1237 1624 1279 re

403 1318 466 1376 vid.
491 1318 544 1376 alt.
569 1317 600 1375 11.
625 1335 737 1377 661661.
762 1315 879 1393 part),
903 1320 934 1376 et
955 1319 1038 1376 recte
1058 1316 1178 1376 dixisse
1199 1319 1360 1392 receptum
1381 1317 1483 1376 fuisse
1503 1317 1535 1375 in
1559 1317 1623 1393 Syl-

402 1416 495 1490 logen
525 1414 739 1475 Simonideam
771 1413 823 1492 (61.
850 1413 894 1492 ἐξ
918 1415 992 1490 101,
1025 1412 1114 1490 103),
1146 1415 1233 1473 0660
1261 1415 1348 1474 116611
1376 1415 1404 1473 61
1426 1415 1622 1475 concludere:

406 1512 473 1571 ‘das
507 1513 704 1589 Eindringen
737 1514 819 1573 auch
851 1513 954 1572 dieses
987 1514 1209 1590 Epigrammes
1239 1514 1271 1571 in
1304 1512 1354 1572 dle
1386 1513 1625 1572 simonideische

404 1609 595 1687 Sammlung
625 1610 755 1671 erkldrt
783 1609 855 1671 6160
888 1609 1007 1687 1616111,
1041 1628 1133 1670 wenn
1165 1610 1302 1670 01666106
1333 1613 1440 1686 6611161
1472 1629 1535 1670 von
1565 1611 1624 1670 den

403 1709 615 1768 06616601616
642 1711 980 1786 zusammengetragen
1002 1707 1067 1768 ist'.

442 1807 584 1865 Tertium
612 1809 837 1882 argumentum
858 1807 968 1882 petivit
989 1825 1028 1865 ex
1049 1825 1097 1882 66.
1125 1806 1191 1866 188.
1216 1806 1309 1875 Quod
1331 1807 1417 1882 apud
1439 1807 1625 1882 Hephaesti-

401 1909 494 1964 onem
518 1903 570 1982 (cf.
597 1903 616 1982 ᾖ
639 1902 692 1980 54)
723 1904 878 1964 Simonidi
900 1905 1089 1964 attributum
1112 1905 1162 1964 vel
1183 1904 1253 1963 1066
1274 1921 1292 1962 6
1315 1904 1377 1964 Ceo
1398 1908 1447 1962 est
1468 1904 1623 1978 alienum,

401 2002 486 2076 quod
518 2003 753 2062 Aristodemum
785 2003 914 2078 Eleum,
949 2003 1041 2061 cuius
1069 2003 1219 2062 victorias
1247 2002 1443 2078 epigramma
1472 2001 1623 2077 celebrat,

401 2100 516 2160 vicisse
550 2102 674 2159 constat
709 2100 756 2159 01.
791 2099 831 2159 98
863 2098 916 2177 (ε
947 2118 975 2159 6.
1010 2098 1093 2177 388).
1142 2099 1197 2159 Έ6
1228 2100 1315 2158 116116
1346 2099 1418 2158 0661
1451 2099 1623 2175 Sammler,

401 2197 538 2258 16616061
553 2215 600 2258 aa
615 2196 789 2259 1161661066
800 2195 903 2258 Stella
912 2196 999 2258 11660
1011 2198 1139 2260 andere
1152 2195 1404 2259 “Simonidea'’
1415 2214 1626 2258 6666616166-

399 2294 530 2372 sacha,
562 2296 623 2354 den
652 2296 818 2354 Eiudruck
846 2295 985 2353 hdhcren
1013 2295 1117 2354 Alters
1145 2296 1291 2372 gemacht
1318 2295 1386 2354 und
1412 2296 1486 2354 kam
1512 2295 1627 2355 darum

401 2411 440 2451 zu
468 2393 582 2470 irgend
609 2394 696 2453 einer
718 2394 785 2452 Zeit
806 2393 839 2451 in
861 2393 911 2451 die
934 2392 1149 2469 Sammlung.'
1182 2394 1312 2452 Temere
1333 2394 1393 2452 hoc
1414 2410 1542 2469 quoque
1563 2394 1625 2468 epi·

401 2508 545 2566 gramma
579 2491 780 2550 Simonideae
810 2491 958 2567 Syllogae
985 2494 1180 2550 accensetur.
1218 2491 1280 2551 Sed
1301 2491 1352 2550 iac
1373 2525 1410 2532 -
1432 2491 1519 2566 quod
1539 2492 1627 2566 equi-

400 2589 471 2647 dem
503 2589 681 2663 praefracte
712 2607 793 2665 nego
826 2587 879 2665 (61.
916 2587 935 2666 ἓ
968 2587 1020 2665 96)
1053 2621 1093 2630 -
1122 2607 1171 2665 ep.
1206 2589 1378 2664 aliquando
1408 2590 1441 2647 in
1476 2589 1627 2666 Syllogen

401 2689 562 2761 receptum
583 2705 669 2761 6666,
698 2691 827 2746 netum
849 2687 977 2761 quidem
998 2689 1170 2762 quicquam
1192 2687 1321 2763 probari
1343 2705 1442 2763 supra
1463 2688 1526 2746 1616
1549 2687 1627 2746 vidi-

399 2801 481 2843 mus.
516 2784 641 2844 Accedit
673 2788 779 2844 autem
811 2788 1062 2861 peropportune,
1097 2786 1183 2860 quod
1211 2787 1317 2844 textus
1345 2786 1442 2844 huius
1469 2786 1627 2862 epigram-

398 2883 509 2958 166116,
541 2883 645 2957 qualis
666 2883 753 2958 apud
774 2884 1042 2958 Hephaestionem
1064 2884 1244 2960 praebetur,
1269 2901 1308 2942 ex
1329 2884 1433 2959 lapide
1453 2885 1627 2960 propagari

398 2981 528 3039 omnino
560 2998 624 3039 non
655 2982 766 3057 potuit.
801 2981 869 3040 Elei
900 2982 984 3040 enim
1016 3000 1034 3041 6
1062 2982 1147 3040 16016
1176 2981 1337 3040 1610611616
1364 2981 1485 3040 exclusi
1513 2986 1624 3057 erant,

399 3080 473 3138 vicit
493 3078 712 3139 Aristodemus
734 3081 875 3156 Pythicis
898 3080 951 3155 (61.
978 3078 998 3157 5
1022 3078 1085 3156 54).

439 3177 548 3251 Neque
571 3176 678 3235 miuus
700 3177 802 3236 debile
823 3179 1049 3253 argumentum
1071 3177 1315 3236 Reitzensteinio
1336 3177 1552 3252 suppeditavit
1573 3194 1623 3252 66.

398 3275 459 3333 AP.
485 3275 555 3333 VII.
580 3274 638 3334 508
669 3273 701 3350 (6
730 3275 868 3351 Bergkio
895 3276 977 3334 inter
1002 3275 1183 3334 Simonidea
1205 3293 1270 3333 non
1291 3277 1471 3350 receptum,
1502 3276 1550 3334 est
1572 3292 1624 3350 ap.

400 3372 497 3432 Schn.
531 3391 561 3447 p.
596 3372 671 3448 223,
706 3373 798 3448 Preg.
833 3370 885 3448 40)
919 3373 950 3430 16
984 3373 1178 3432 Pausaniam
1209 3373 1386 3448 medicum,
1421 3373 1507 3447 quod
1539 3373 1629 3448 apud

398 3470 487 3546 Diog.
520 3471 622 3529 Laert.
646 3471 736 3528 VIII.
767 3471 805 3530 60
834 3470 986 3529 tribuitur
1014 3471 1214 3547 Empedocli,
1245 3471 1278 3528 in
1306 3471 1368 3529 ΑΡ.
1393 3474 1500 3529 autem
1524 3470 1628 3530 Simo·

397 3568 462 3626 nidi
496 3567 627 3646 (Bergk.
658 3568 719 3627 vol.
751 3568 799 3626 11⁴
827 3586 857 3642 p.
883 3566 966 3644 260).
1002 3569 1083 3627 Cum
1112 3569 1181 3627 viro
1209 3569 1245 3627 cl.
1279 3571 1400 3628 constet
1427 3570 1629 3644 epigramma

397 3684 508 3726 revera
529 3667 630 3725 fuisse
649 3667 888 3741 inscriptionem
912 3666 1013 3743 t‘vom
1037 3666 1125 3726 Stein
1148 3668 1278 3725 stammt
1298 3667 1369 3725 VII.
1394 3666 1453 3726 508
1473 3663 1625 3742 atchcr'),

396 3768 487 3840 putat
516 3765 665 3842 Diogenis
694 3769 854 3824 auctorem
884 3782 931 3840 66.
964 3758 1171 3841 anonymum
1190 3764 1372 3840 Empedocli
1394 3767 1503 3840 utpote
1526 3764 1629 3824 Sicili-

396 3866 467 3923 otae
493 3863 661 3939 tribuisse,
694 3864 897 3924 Collectorem
926 3865 1032 3922 autern
1063 3863 1234 3938 SImonidi,
1265 3864 1384 3939 quippe
1412 3863 1467 3937 qui
1492 3863 1525 3921 in
1551 3863 1629 3922 aula

396 3962 546 4021 Hieronis
575 3964 789 4021 commoratus
817 3979 888 4020 esse
909 3962 1064 4020 tradatur.
1100 3961 1258 4030 Quoniam
1281 3962 1378 4038 vulgo
1399 3960 1524 4037 neglegi
1546 3961 1629 4020 solet

395 4059 476 4118 inter
491 4059 672 4119 SImonidea
687 4060 893 4138 epigramma,
908 4060 1031 4119 monuit
1043 4060 1254 4118 ReItzenstein
1266 4060 1298 4117 id
1310 4060 1342 4117 in
1355 4059 1416 4117 AP.
1431 4076 1495 4118 non
1507 4060 1631 4119 temere

397 4158 503 4216 vocari
533 4157 722 4232 Simonidis,
757 4174 829 4216 6616
858 4157 993 4216 61161616
1021 4175 1149 4232 quoque
1177 4156 1378 4232 Empedoclis
1407 4157 1625 4233 epigramma,

395 4255 481 4329 quod
503 4255 589 4329 apud
611 4255 783 4330 Diogenem
804 4257 1010 4330 consequitur
1032 4256 1119 4314 VIII.
1145 4255 1199 4330 65,
1227 4255 1345 4314 ibidem
1367 4254 1407 4314 ah
1429 4254 1499 4313 aliis
1523 4254 1629 4314 Simo-

396 4353 462 4410 nidi
483 4353 658 4412 adiudicari
679 4352 854 4427 01661618).
884 4354 1017 4412 Etiamsi
1039 4355 1145 4411 autem
1167 4357 1281 4412 cuncta
1303 4355 1386 4412 recte
1407 4353 1630 4412 constituisset

396 4469 477 4525 v.c.,
512 4469 577 4510 non
605 4451 855 4510 demonstrasset
883 4452 1080 4527 epigramma
1108 4469 1126 4509 a
1155 4451 1328 4511 0611661616
1355 4452 1425 4526 1666
1453 4450 1493 4510 06
1520 4451 1630 4526 166106

395 4549 589 4623 descriptum
620 4566 699 4607 esse.
737 4549 771 4608 Si
803 4567 878 4608 vcro
910 4549 1150 4625 epigrammatis
1181 4553 1304 4609 textum
1335 4550 1421 4624 apud
1449 4552 1630 4624 utrumque

395 4648 556 4705 auctorem
585 4650 816 4724 comparasset,
847 4648 1070 4724 Anthologiam
1099 4650 1221 4708 textum
1249 4648 1402 4724 praehere
1423 4648 1629 4707 animadver-

427 4853 450 4912 1)
485 4851 563 4902 Schn.
582 4869 605 4916 p.
624 4852 687 4916 111,
706 4853 791 4916 Bergk
810 4851 853 4904 111,
870 4853 928 4902 000.
959 4853 1011 4902 1166
1028 4867 1068 4914 66.
1086 4852 1166 4901 ctiam
1185 4853 1252 4914 apud
1273 4853 1415 4915 Pregerum
1433 4853 1515 4901 deest.
