3572 5716
1204 517 1320 607 sin,
1347 521 1413 592 na.

191 713 267 776 mihi
294 712 342 777 Al.
368 711 402 776 L.
428 711 471 774 ῙῙ.
496 711 553 775 213
582 732 613 774 n.
638 711 711 789 372)
735 733 765 790 p.
792 716 849 775 768
870 716 918 776 W.
942 714 975 774 in
997 713 1099 790 capite
1119 716 1159 774 de
1179 715 1356 792 hyperbato
1377 719 1417 776 ad

192 816 328 893 syllabes
363 815 562 890 hyperbaton
597 814 741 887 exemplo
776 814 1002 872 illustrandum
1034 815 1251 889 fragmentum
1283 816 1418 873 affertur

191 914 430 990 epigrammatis
460 907 632 970 Simonidei
662 911 734 970 159:
767 909 841 970 ἔνιοι
864 909 898 970 δὲ
919 908 973 969 καὶ
993 908 1026 969 ἒν
1047 914 1112 977 ταῖς
1133 907 1300 987 συλλαβαῖς
1321 909 1417 989 ὑπερ-

191 1009 269 1089 pazo
304 1008 527 1088 πεποιήκασιν,
563 1007 616 1074 ὡς
650 1006 718 1069 καὶ
748 1005 987 1087 Σιμωνίδης
1022 1007 1061 1068 ἒν
1096 1007 1431 1085 ἐπιγράμμασιν·1

192 1107 322 1188 ’Ἑρμῆν
350 1105 434 1167 τόνδ’
458 1104 597 1185 ἀνέθηκε
624 1104 819 1185 Δημήτριος·
848 1104 971 1184 ὄρθια
1001 1103 1032 1164 δ’
1056 1103 1130 1165 οὐκ
1158 1104 1192 1165 ἓν
1219 1106 1417 1186 προδύροις’,

192 1205 256 1266 ἀντὶ
277 1210 332 1266 τοῦ
354 1205 427 1266 οὐκ
449 1202 572 1281 ὄρθια
594 1202 644 1263 δέ.
666 1204 737 1272 Quo
752 1205 933 1262 testImonio
948 1204 1020 1262 lreti
1036 1204 1159 1279 Bergk,
1178 1206 1296 1281 Preger
1313 1204 1415 1283 (119),

193 1306 352 1364 Hauvette
381 1302 424 1379 (p.
453 1300 506 1376 31)
536 1320 601 1360 non
629 1302 874 1377 dubitaverunt,
905 1299 983 1376 quin
1012 1302 1115 1376 ipsius
1146 1301 1319 1362 Simonidis
1348 1322 1419 1363 esse

194 1420 322 1461 versum
348 1402 535 1460 iudicarent.
1073 1411 1077 1418 ·

231 1499 390 1568 Quoniam
423 1500 565 1557 rhetores
596 1499 752 1556 eiusmodi
782 1498 990 1572 posteriores,
1026 1498 1131 1572 qualis
1163 1501 1293 1558 nostrae
1320 1501 1418 1575 scrIp-

192 1599 286 1657 tionis
317 1601 365 1656 est
396 1600 523 1671 auctor,
557 1597 590 1654 in
618 1596 771 1671 exemplis
799 1596 978 1671 figurarum
1007 1597 1239 1670 troporumque
1266 1598 1418 1673 eligendis
1472 1616 1474 1621 ·

192 1697 252 1771 ipsi
285 1697 371 1755 ultra
406 1697 581 1754 Homerum
613 1697 821 1768 oratoresque
852 1695 1001 1770 progredi
1033 1712 1097 1752 non
1130 1697 1251 1772 solent,
1290 1715 1419 1756 necesse

193 1797 239 1852 est
267 1796 327 1853 hoc
356 1791 457 1870 lyrici
482 1794 698 1867 fragmentum
727 1791 760 1849 in
790 1792 1017 1866 scriptionibus
1040 1793 1205 1851 rhetoricis
1226 1795 1417 1854 tralaticium

193 1892 360 1968 hyperbati
391 1890 424 1950 ἕν
455 1887 594 1968 συλλαβῇ
625 1889 726 1949 tuisse
753 1891 943 1964 exemplum.
979 1890 1076 1948 Haud
1098 1890 1163 1949 scio
1184 1908 1225 1948 an
1248 1909 1311 1949 non
1333 1910 1417 1951 erra·

193 1990 290 2048 verim
323 1990 355 2048 id
388 1990 528 2048 referens
560 1989 600 2046 ad
630 1987 922 2061 Herodianum;
954 1989 1047 2047 cuius
1074 2005 1113 2047 ex
1141 1989 1268 2064 scriptis
1296 1991 1417 2049 rivulos

193 2087 327 2145 fluxisse
354 2087 562 2145 creberrimos
590 2085 623 2143 in
652 2085 845 2160 posteriores
866 2087 1092 2160 grammaticos
1114 2087 1192 2144 satis
1214 2090 1338 2146 constat
1361 2086 1414 2165 (ci.

193 2187 288 2244 Lenta
311 2185 326 2243 I
349 2202 379 2259 p.
395 2182 488 2261 XIII)
511 2200 671 2258 quemque
691 2183 890 2259 fragmenta
911 2181 1206 2260 cpiprommotum
1227 2185 1260 2242 in
1283 2183 1420 2245 Οονοιια

193 2282 388 2359 Melcapraa
409 2281 612 2340 Inventorum
633 2281 784 2340 laudasse
805 2277 942 2339 adiecta
963 2281 1050 2339 nolo
1070 2278 1116 2346 ὡς
1137 2279 1191 2340 καὶ
1213 2284 1288 2359 (eg.
1306 2280 1418 2362 Σιμω-

193 2379 278 2459 νίδης
300 2381 351 2438 vel
373 2375 589 2457 Καλλίμαχος)
612 2376 645 2436 ἒν
666 2375 900 2456 ἐπιγράμμασιν
922 2378 1060 2437 vidimus
1084 2376 1103 2455 ᾖ
1126 2379 1174 2438 64.

233 2478 297 2538 Sed
312 2479 381 2536 sive
392 2477 596 2536 Herodianus
611 2476 671 2534 fuit
686 2476 754 2534 sive
768 2476 849 2534 alius
865 2476 1103 2551 grammaticus
1117 2477 1173 2551 qui
1185 2477 1419 2555 Ps.·'Irypboni

196 2576 414 2635 Simonideum
443 2573 588 2648 tradidit,
619 2574 689 2632 fieri
717 2592 781 2633 non
810 2577 929 2649 potest,
962 2577 998 2633 ut
1024 2574 1075 2633 hic
1097 2592 1137 2632 ex
1157 2575 1210 2634 illo
1231 2579 1419 2637 sententiam

192 2676 350 2751 integram
382 2673 567 2732 servaverit.
603 2659 729 2730 Etenim
760 2672 845 2746 quod
877 2673 1077 2747 hyperbaton
1109 2674 1215 2732 inesse
1244 2675 1360 2734 dicitur
1386 2677 1419 2734 in

192 2773 241 2830 his
264 2771 414 2831 versibus
438 2768 561 2848 (ὄρθια
584 2768 714 2847 δὀὐκ]
738 2767 804 2828 ἀντὶ
824 2773 879 2829 τοῦ
901 2767 970 2829 οὐκ
993 2768 1103 2847 ὅρδια
1126 2768 1195 2847 δέ),
1220 2772 1253 2831 id
1274 2772 1422 2850 syllabes

193 2870 392 2946 hyperbaton
421 2886 486 2927 non
514 2871 575 2942 est;
606 2868 691 2927 vitiis
719 2870 882 2943 praeterea
911 2869 1050 2928 metricis
1071 2870 1195 2928 laborat
1217 2888 1331 2930 versus
1353 2873 1421 2947 ipse

195 2965 379 3043 (corripitur
402 2967 487 3025 vocis
509 2963 689 3044 Δημήτριος
710 2965 832 3042 syllaba
854 2966 974 3041 prima,
999 2967 1086 3025 deest
1107 2967 1140 3024 in
1163 2967 1228 3026 line
1246 2969 1420 3027 hexametri

193 3068 263 3140 post
285 3063 362 3140 οὐκ,
387 3082 452 3124 una
474 3062 622 3140 syllaba).
647 3065 739 3124 Unus
760 3081 799 3122 ex
820 3065 898 3123 viris
919 3064 1035 3141 doctis,
1059 3066 1115 3138 qui
1137 3082 1267 3125 versum
1289 3066 1321 3124 in
1343 3067 1420 3125 inte-

192 3181 286 3238 grum
312 3163 479 3222 restituere
500 3163 604 3221 conati
625 3165 701 3221 sunt
723 3195 762 3204 —-
783 3165 960 3221 ceterorum
981 3163 1186 3242 coniecturas.
1204 3164 1312 3222 videas
1334 3161 1421 3239 apud

194 3261 368 3337 Bergkium
383 3264 479 3335 atque
494 3261 684 3336 Pregerum,
703 3262 857 3321 accedunt
873 3261 1117 3320 Ludwichianae
1132 3262 1244 3337 Progr.
1263 3263 1417 3338 Kdnigsb.

195 3358 270 3418 1897
291 3376 323 3433 p.
348 3359 366 3416 4
391 3391 443 3434 —,
468 3359 516 3417 W.
543 3360 714 3435 Headlam,
738 3362 769 3418 et
789 3359 952 3419 lenissima
972 3362 1003 3418 et
1024 3359 1206 3418 felicissima
1228 3363 1422 3420 correctione

194 3457 322 3516 metrica
355 3457 428 3515 vitia
462 3455 641 3516 sustulisse
663 3457 740 3515 mihi
772 3457 899 3516 videtur
930 3458 1026 3532 atque
1054 3458 1192 3532 syllabes
1220 3458 1419 3533 hyperbaton

193 3571 370 3614 revocasse.
404 3555 519 3614 Journ.
550 3555 583 3613 oi
614 3555 725 3613 Philol.
757 3554 805 3614 26.
838 3554 914 3614 1899
946 3572 976 3629 p.
1008 3553 1046 3614 93
1077 3558 1108 3612 et
1141 3554 1241 3614 Olass
1266 3556 1343 3614 Rev.
1370 3556 1417 3614 14.

195 3651 270 3711 1990
292 3669 323 3726 p.
345 3651 363 3710 9
384 3653 505 3710 textum
528 3653 657 3711 refinxit
679 3653 738 3711 sle:

389 3746 510 3828 Ἑρμῆν
530 3747 615 3810 τόνδ’
633 3747 760 3828 ἀνέδη
783 3747 964 3829 Δημήτριος
980 3746 1158 3827 Ὀρδιάδοο
1180 3771 1248 3809 κεν

432 3845 465 3906 ἐν
488 3846 697 3926 προθύροις.
724 3894 730 3906 .
757 3892 764 3907 .
791 3863 797 3906 .·

196 3945 341 4022 Syllabes
372 3946 571 4022 hyperbaton
602 3949 734 4022 apparet
765 3946 798 4004 in
831 3946 985 4005 vocabulo
1017 3943 1192 4023 ἀνέθη-κεν
1223 3945 1336 4005 diviso.
1376 3946 1421 4004 De

194 4045 321 4103 nomine
349 4045 478 4119 proprio
495 4041 674 4123 Ὀρδιάδης
695 4063 724 4103 v.
749 4046 780 4103 d.
805 4045 943 4104 conferri
963 4046 1050 4104 iubet
1072 4044 1153 4104 OIG.
1178 4043 1259 4102 2338
1280 4045 1310 4101 et
1332 4043 1417 4102 Fiok.

196 4142 473 4201 Personennamen
495 4161 526 4218 p.
551 4142 618 4202 131.
657 4144 771 4217 Itaque
791 4143 958 4217 explicatio
979 4140 1044 4203 ἀντὶ
1065 4145 1120 4202 τοῦ
1141 4139 1217 4201 οὐκ
1239 4138 1357 4218 ὄρδια
1380 4137 1423 4200 δέ

195 4240 322 4298 demum
343 4240 488 4314 apposita
510 4245 574 4317 est,
606 4246 777 4316 postquam
799 4242 906 4299 textus
928 4240 1166 4316 epigrammatis
1187 4239 1256 4314 ipse
1277 4255 1421 4312 pessum·

195 4337 288 4396 datus
309 4338 358 4395 est
379 4355 483 4412 neque
503 4339 566 4397 iam
588 4340 728 4415 genuina
749 4339 916 4414 explicatio
937 4338 1075 4414 intellegi
1096 4339 1209 4414 potuit.

232 4436 331 4494 Valde
365 4436 432 4494 veri
463 4437 617 4496 dissimile
647 4441 695 4496 est
725 4438 943 4513 epigramma,
981 4437 1013 4495 in
1045 4454 1109 4511 quo
1141 4436 1297 4495 eiusmodi
1328 4436 1421 4494 lusus

195 4535 358 4608 occurrat,
390 4533 453 4592 iam
485 4538 559 4594 ante
590 4536 793 4596 Collectorem
825 4535 989 4594 conditum
1019 4551 1099 4594 esse.
1134 4534 1205 4602 Qua
1238 4534 1277 4591 de
1303 4550 1419 4608 causa,

196 4630 221 4688 si
252 4648 365 4690 revera
396 4648 444 4705 ep.
477 4632 518 4692 ab
550 4633 732 4693 Herodiano
763 4650 803 4691 ex
831 4634 957 4694 Corona
987 4634 1162 4708 Meleagrea
1191 4632 1324 4706 petitum
1352 4647 1423 4689 esse

196 4729 334 4804 videtur,
365 4729 397 4787 id
425 4729 458 4787 in
486 4729 539 4788 illa
566 4746 674 4788 errore
699 4725 808 4803 'aliquo
839 4729 1013 4790 Simonidis
1042 4747 1157 4788 nomen
1180 4728 1331 4803 adeptum
1352 4744 1423 4785 esse

196 4826 454 4887 constituendum
475 4829 531 4887 est.
844 4823 845 4827 ’
1195 4820 1198 4825 ’

1272 4920 1323 4972 13*
