3572 5716
349 465 426 553 dap.
450 471 518 554 111,
542 471 598 554 23,
623 475 685 576 24.Ι
933 473 988 538 194

347 667 458 741 poetae
484 664 604 724 omisso
630 665 731 724 elucet
761 662 911 724 Suideam
940 663 1084 724 notitiam
1108 681 1272 725 recurrere
1292 661 1333 726 ad
1355 662 1571 743 Thucydidem

347 765 373 823 I.
399 763 472 838 132,
502 762 664 822 Schwartz
684 761 730 821 l.l.
755 763 842 821 haud
864 762 929 821 scio
949 779 991 822 an
1012 763 1083 821 iure
1103 763 1299 822 contenderit
1320 768 1483 839 sumptam
1503 782 1572 824 esse

347 864 487 940 glossam
508 879 546 920 ex
568 860 722 935 scriptore
742 861 899 936 quodam,
923 861 1032 934 quiin
1054 861 1263 920 fundamento
1279 863 1461 921 Herodoteo
1478 866 1571 937 atque

346 958 552 1034 Thucydideo
572 959 679 1018 varias
701 959 872 1017 struxisset
892 959 1093 1018 narrationes
1105 956 1168 1034 156).
1192 959 1240 1018 Ad
1260 959 1344 1018 idem
1364 960 1570 1018 historiarum

346 1073 449 1133 genus
478 1057 547 1115 viro
575 1058 612 1116 cl.
644 1058 803 1133 perticere
830 1055 957 1116 vIdetnr
985 1057 1110 1116 libellus
1138 1057 1328 1116 Aristodemi
1356 1055 1411 1132 (cf.
1438 1055 1457 1132 ἕ
1482 1054 1567 1133 119),

346 1155 401 1229 qui
437 1155 532 1215 FHG.
564 1156 590 1215 V
621 1173 651 1230 p.
685 1156 701 1214 7
732 1155 888 1214 eiusmodi
919 1156 959 1214 de
990 1156 1151 1215 Pausania
1182 1156 1312 1230 praebet
1342 1159 1566 1215 narrationem.

347 1251 465 1312 Suidas
486 1252 519 1312 iu
542 1253 729 1338 anthologia
749 1253 931 1328 Cephalana
952 1253 1035 1312 idern
1057 1270 1105 1327 ep.
1127 1252 1283 1312 Simonidi
1300 1247 1457 1311 tributum
1477 1254 1570 1326 atque

345 1350 377 1408 iu
400 1353 488 1410 textu
513 1350 533 1410 S
559 1350 634 1427 (ΑΡ.
658 1352 712 1409 VI.
738 1349 809 1428 197)
833 1351 972 1426 reperire
992 1353 1148 1427 potuerat.

385 1449 467 1523 Epp.
492 1448 529 1507 91
558 1452 588 1507 et
617 1448 654 1508 92
684 1466 709 1508 s.
733 1467 763 1508 v.
793 1445 959 1515 Λεωνίδας
986 1450 1139 1525 leguntur
1159 1451 1191 1507 in
1214 1450 1296 1508 trad.
1320 1449 1345 1507 Α
1369 1449 1431 1524 (ep.
1456 1448 1494 1507 92
1516 1445 1566 1523 ΑΙ)

345 1545 513 1605 manifesto
548 1546 588 1605 ad
625 1548 821 1606 Herodotum
858 1548 1073 1623 recurrentia,
1111 1566 1184 1607 cum
1215 1548 1297 1606 trad.
1332 1545 1353 1606 S
1388 1546 1507 1605 Suidae
1536 1547 1567 1604 in

344 1644 439 1703 Anth.
464 1645 561 1720 Ceph.
588 1643 664 1721 (ΑΡ.
690 1645 759 1703 VII.
784 1644 843 1703 248
871 1641 936 1720 sq.)
966 1647 1095 1719 praesto
1122 1645 1245 1703 fuisset.
1280 1645 1363 1702 Fieri
1384 1646 1504 1719 potest,
1534 1646 1567 1701 ut

345 1741 421 1801 haec
455 1759 584 1817 quoque
618 1742 725 1818 glossa
760 1760 799 1801 ex
832 1743 888 1801 tali
923 1743 1072 1802 historica
1105 1743 1276 1818 scriptione
1307 1743 1347 1800 sit
1378 1742 1563 1816 desumpta,

343 1840 448 1914 qualis
490 1857 589 1915 supra
631 1842 874 1899 commemorata
917 1843 974 1898 est.
1017 1841 1085 1899 Nisi
1127 1841 1309 1914 ceteroquin
1349 1842 1457 1898 textus
1495 1840 1567 1898 vitio

342 1938 518 2013 laboraret,
550 1938 696 2012 equidem
725 1955 803 1997 sane
830 1955 889 2012 pro
916 1939 1052 1998 insiticio
1080 1939 1198 1997 habere
1226 1956 1290 1997 non
1316 1939 1421 1997 ausim
1441 1955 1490 2012 ep.
1511 1937 1563 2011 91,

342 2036 445 2111 quod,
477 2053 550 2095 cum
579 2036 659 2094 desit
687 2035 719 2093 in
749 2035 910 2094 codicibus
939 2037 1021 2096 ABV
1050 2035 1241 2112 (potioribus
1268 2034 1358 2111 sane)
1387 2037 1484 2111 vulgo
1505 2053 1566 2093 non

343 2133 500 2192 adIectum
529 2137 659 2193 censent
687 2151 704 2192 a
735 2133 844 2194 Suida.
879 2133 941 2201 Qui
963 2138 1133 2209 postquam
1155 2135 1194 2193 de
1216 2135 1372 2194 Leonidae
1393 2134 1566 2193 maioribus

343 2232 439 2304 atque
469 2231 509 2289 de
540 2231 760 2308 Thermopylis
791 2232 962 2307 disseruit,
997 2234 1101 2308 pergit
1132 2235 1196 2292 sic:
1228 2230 1417 2299 ἐπελθόντος
1449 2230 1483 2292 δὲ
1514 2235 1566 2291 τοῦ

341 2325 497 2405 βασιλέως
532 2328 562 2388 ολ
596 2327 655 2407 μὲν
689 2327 776 2390 ἄλλοι
809 2327 922 2396 πάντες
955 2327 990 2389 τὸ
1024 2328 1149 2409 πλῆθος
1183 2328 1409 2409 εὐλαβηθέντες
1440 2329 1565 2408 ἔφαγον,

346 2423 481 2505 Θηβαῖοι
501 2425 534 2486 δὲ
552 2425 788 2507 ηὐτομόλησαν·
808 2427 864 2495 οὓς
882 2426 991 2506 λαβὼν
1006 2427 1103 2498 ἔστιξε
1118 2425 1262 2505 βασιλεὺς
1277 2426 1355 2506 iolla
1370 2427 1566 2505 στρατιώταις

341 2523 529 2600 τριακοσίοις
562 2522 790 2603 Σπαρτιάταις·
826 2525 1048 2605 ἐπιγέγραπται
1083 2525 1132 2586 ἐπὶ
1167 2525 1333 2586 Λεωνίδου
1365 2525 1565 2604 ἐπίγραμμα·

344 2618 504 2698 [μυριάσιν
534 2621 589 2682 κτλ
591 2669 750 2684 .....
788 2623 850 2702 (ep.
879 2624 931 2701 91)
964 2623 1017 2684 καὶ
1048 2623 1153 2702 ἕτερον
1185 2623 1234 2684 ἐπὶ
1266 2622 1354 2684 δυσὶν
1385 2621 1534 2701 ἀδελφοῖς
1544 2621 1563 2699 l

342 2714 370 2778 α’)
392 2719 464 2788 ξεῖν’
482 2718 544 2780 κτλ.
568 2766 574 2779 .
601 2766 607 2780 .
634 2767 641 2780 .
668 2767 674 2780 .
702 2722 763 2799 (ep.
788 2720 852 2799 92).
887 2724 1017 2781 Fratres
1038 2723 1119 2798 duo,
1147 2724 1202 2797 qui
1224 2725 1514 2782 commemorantur
1534 2722 1564 2780 in

341 2818 496 2876 sententia
528 2820 674 2878 cancellis
706 2820 846 2895 inclusa,
881 2823 957 2879 sunt
988 2821 1129 2896 Alpheus
1161 2823 1257 2895 atque
1287 2820 1393 2895 Marc,
1428 2837 1564 2894 quorum

340 2915 504 2975 andaclam
537 2917 646 2976 laudat
678 2919 861 2976 Herodotus
890 2918 960 2977 VII.
991 2919 1058 2977 227.
1094 2919 1144 2976 Ex
1165 2919 1266 2993 capite
1287 2918 1432 2992 sequenti
1454 2934 1566 2992 propa·

340 3017 435 3090 gatus
463 3018 510 3074 est
538 3017 804 3092 epigrammatum
833 3017 869 3076 91
899 3019 929 3075 et
957 3017 994 3075 92
1023 3018 1144 3089 textus3
1173 3018 1263 3076 lectio
1289 3013 1399 3094 ἄγγελε
1426 3014 1488 3091 (ep.
1513 3013 1564 3090 92)

339 3111 436 3188 Igitur
465 3113 638 3188 depravata
666 3118 713 3174 est
741 3133 780 3174 ex
809 3112 966 3192 ἀγγέλλειν
993 3112 1063 3191 (Α),
1089 3115 1134 3173 sto
1156 3117 1239 3173 recte
1260 3115 1327 3172 cod.
1353 3110 1409 3189 E),
1442 3131 1506 3172 non
1528 3130 1566 3171 ex

339 3207 482 3287 ἄγγειλον
505 3210 559 3287 (A'
580 3215 611 3270 et
634 3211 682 3290 S).

792 3418 839 3475 24.
886 3428 1110 3475 rs.-rerrn0.

380 3599 489 3679 3113.
535 3600 586 3662 Dc
605 3602 754 3680 syllabas
774 3601 963 3679 hyperbato
983 3600 1022 3661 νἰι
1040 3618 1089 3678 cp.
1105 3601 1174 3661 159
1191 3599 1300 3661 ολιοιο.
1337 3602 1376 3660 In
1395 3603 1567 3677 scriptione

337 3698 407 3777 περὶ
436 3698 564 3778 τρόπων
594 3699 655 3778 (ed.
680 3719 698 3760 a
721 3701 931 3759 BOIssonadio
953 3701 1010 3758 An.
1036 3701 1090 3760 Gr.
1116 3700 1177 3759 III.
1202 3699 1360 3759 270-284
1383 3701 1566 3776 Tryphonis

338 3799 480 3874 nomIne,
506 3800 660 3858 aWalzio
681 3801 741 3858 Rh.
763 3799 818 3858 Gr.
838 3799 924 3856 VIII.
948 3797 1122 3873 761-778,
1149 3797 1318 3874 Spengelio
1340 3799 1400 3856 Rh.
1422 3799 1477 3858 Gr.
1500 3798 1562 3856 III.

336 3897 394 3955 215
430 3914 499 3972 sqq.
534 3898 688 3972 Gregorio
724 3897 888 3957 Corinthio
919 3895 1091 3970 attributa,
1130 3914 1194 3970 quo
1226 3913 1302 3954 vero
1333 3896 1566 3954 Krumbacheri

336 3994 451 4054 iudicio
481 3996 556 4071 Byz.
586 3995 639 4054 L.²
667 3995 725 4055 588
754 4013 802 4070 sq.
832 3994 927 4069 paulo
947 3996 996 4052 est
1017 3995 1186 4069 vetustior,
1218 3994 1257 4052 cf.
1282 3996 1445 4068 praeterea
1470 3993 1565 4052 Suse-

368 4275 415 4340 1⁵9)
449 4275 513 4327 ‘hul
534 4280 593 4327 dem
619 4279 966 4342 hored-thulrydideischen
990 4276 1157 4327 (lrundstock
1181 4279 1239 4326 sind
1263 4277 1364 4326 allerlei
1387 4276 1563 4326 Geschichten

334 4363 525 4426 errlgepllanzt‚
549 4363 590 4412 die
614 4364 740 4413 beriihmt
766 4365 818 4413 und
843 4365 942 4413 belicht
966 4377 1068 4424 waren,
1092 4364 1150 4412 hier
1173 4364 1227 4412 und
1245 4363 1279 4411 da
1296 4362 1383 4410 haben
1402 4363 1470 4412 auch
1489 4362 1563 4411 Vari-

334 4453 415 4497 anten
440 4448 490 4498 den
517 4449 621 4496 llericht
644 4449 691 4496 der
714 4447 892 4512 llauptquelle
916 4448 1060 4510 verdrilngt
1083 4483 1088 4496 .
1108 4485 1113 4497 .
1132 4484 1163 4496 ..
1187 4447 1229 4495 die
1253 4446 1379 4509 Quellen,
1404 4461 1453 4495 von
1478 4447 1562 4495 denen

334 4533 404 4580 diese
422 4532 674 4581 Seitentraditionen
694 4533 850 4596 hergeleitet
867 4533 939 4593 sind,
957 4534 1043 4580 lassen
1062 4532 1118 4580 sich
1137 4532 1211 4580 nicht
1229 4531 1306 4582 mehr
1323 4531 1491 4580 nechweiscn
1510 4531 1562 4579 und

334 4631 362 4664 so
380 4617 414 4664 ist
432 4630 459 4664 es
477 4617 625 4678 getiihrlich
646 4617 702 4666 hier
721 4619 770 4666 mit
787 4618 958 4666 bestimmten
976 4617 1094 4680 Nomen,
1114 4619 1162 4665 wie
1180 4617 1229 4665 mit
1246 4616 1305 4664 dem
1324 4616 1370 4664 des
1384 4617 1501 4679 Ephorus
1516 4631 1561 4664 um

333 4701 388 4750 sich
411 4717 442 4749 zu
462 4701 569 4749 werten*
587 4700 712 4762 (vidimus
729 4707 819 4752 autern
838 4700 850 4762 ,1
869 4701 901 4750 59
919 4702 1060 4750 verisimile
1078 4716 1135 4749 esse
1153 4715 1184 4750 ex
1203 4700 1304 4763 Ephoro
1323 4701 1430 4749 llnxisse
1448 4701 1560 4764 glossam

336 4781 470 4848 Ποικίλη).
