3572 5716
774 501 830 570 αι
1203 501 1319 590 5129,
1346 506 1412 573 αι.

191 693 300 758 salcae.
336 693 459 757 Iniuria
491 694 589 774 igitur
616 695 763 757 Wilhelm
794 701 930 758 alterum
959 697 1116 758 distichon
1145 715 1216 759 esse
1243 699 1415 760 insiticium

191 798 371 876 suspicatus
393 800 441 856 est
463 795 516 873 (cf.
541 794 559 873 §
585 796 641 856 137
664 815 695 855 n.
716 795 760 872 8).
804 797 1036 873 Argumentum
1058 797 1154 856 huius
1176 799 1414 874 epigrammatis

191 897 282 954 nimis
300 897 506 971 perspicuum
520 897 585 969 est,
610 911 707 968 quam
722 896 758 953 ut
772 912 811 952 ex
825 895 981 953 lemmatis
996 896 1229 956 examinatione
1242 899 1414 972 quicquam

190 994 392 1054 emolumenti
413 995 580 1068 expectare
599 992 771 1067 possimne.

228 1092 424 1151 Imitationes
439 1089 573 1149 indicari
586 1090 724 1164 possunt
738 1107 808 1164 epp.
826 1089 1082 1149 Simonideorum
1097 1090 1151 1165 94,
1174 1091 1247 1167 108,
1270 1091 1341 1168 107,
1362 1093 1411 1154 89.

190 1191 299 1249 Priora
320 1191 384 1248 duo
405 1189 438 1246 in
463 1188 591 1263 Sylloge
611 1187 745 1246 affuisse
765 1187 827 1246 iam
846 1188 1012 1246 constabat
1032 1186 1052 1265 5
1071 1188 1109 1247 82
1128 1206 1159 1247 n.
1176 1189 1232 1248 102
1252 1193 1282 1248 et
1302 1189 1321 1268 ξ,
1342 1192 1412 1266 101,

188 1307 235 1364 ep.
261 1287 333 1363 107,
364 1289 451 1361 quod
479 1288 603 1344 tantum
632 1285 665 1343 in
688 1285 812 1345 Corona
835 1286 905 1343 Mel.
927 1285 1092 1345 inventum
1115 1304 1185 1346 esse
1206 1288 1246 1347 ab
1269 1290 1414 1350 Helladio

189 1403 381 1445 noveramus
412 1383 448 1462 (5
477 1382 546 1459 40),
580 1400 628 1458 ep.
656 1382 712 1458 89,
744 1383 783 1442 de
811 1383 903 1442 cuius
931 1417 969 1424 -
998 1385 1084 1459 apud
1112 1386 1201 1444 Plan.
1228 1388 1322 1447 unice
1349 1406 1414 1447 ser·

188 1485 251 1543 vati
283 1518 321 1525 —
352 1483 522 1542 traditione
552 1481 631 1539 nihil
662 1481 767 1540 adhuc
798 1481 947 1539 constitui
975 1483 1114 1557 poterat,
1149 1500 1236 1542 nuno
1267 1483 1415 1561 Syllogae

190 1581 265 1641 Sim.
287 1581 472 1640 adiudicare
492 1596 676 1654 possumus.

228 1679 246 1758 §
271 1679 338 1739 130.
386 1677 435 1738 Dc
456 1695 505 1755 ep.
528 1674 744 1737 dedicatorio
766 1675 839 1736 143.
885 1678 1006 1745 Quarto
1028 1678 1165 1753 denique
1186 1681 1254 1739 loeo
1276 1683 1412 1740 Mnasal-

188 1795 240 1837 cae
267 1775 498 1836 imitationibus
528 1773 718 1834 Simonideis
748 1775 963 1834 accensuerim
991 1793 1092 1834 unum
1114 1794 1162 1852 ep.
1185 1777 1412 1838 dedicatorium

190 1875 406 1934 Simonideum
430 1873 486 1932 143
508 1891 551 1932 sc.
572 1873 634 1931 AP.
652 1874 705 1931 VI.
728 1873 761 1932 2:

346 1969 420 2040 τόξα
442 1967 515 2030 τάδε
534 1968 703 2048 πτολέμοιο
724 1969 910 2048 πεπαυμένα
933 1968 1144 2048 δακρυόεντος

385 2073 455 2147 νηῷ
471 2065 642 2148 Ἀθηναίης
663 2073 758 2129 κεῖται
779 2067 968 2148 ὑπωρόφια,

343 2163 477 2227 πολλάκι
498 2164 537 2245 ὃν)
560 2164 723 2227 στονόεντα
745 2164 824 2226 κατὰ
846 2164 960 2228 κλόνον
982 2167 1015 2227 ἒν
1036 2166 1092 2228 dat·
1108 2173 1229 2247 φωτῶν

384 2261 522 2342 Περσῶν
543 2261 738 2343 ἱππομάχιον
759 2263 864 2342 αἵματι
885 2262 1072 2342 λουσάμενα.

187 2364 254 2422 Ηοο
284 2362 502 2422 Simonideum
530 2363 672 2421 eiusdem
701 2363 814 2422 coloris
843 2365 873 2421 et
900 2364 1020 2422 tenoris
1048 2367 1096 2423 est
1124 2368 1220 2439 atque
1247 2369 1410 2442 complura

189 2461 319 2520 Scholae
340 2460 877 2536 Peloponnesiacaeepigrammata
899 2461 1049 2521 donativa
1070 2480 1132 2538 eg.
1153 2464 1334 2524 Mnasalcae
1354 2467 1407 2525 VI.

187 2557 220 2632 0,
255 2558 328 2632 125,
365 2558 436 2632 128;
469 2560 589 2635 Anytes
623 2559 695 2634 123,
731 2559 836 2618 Niciae
869 2558 942 2635 122,
978 2559 1152 2636 Hegesippi
1183 2561 1256 2638 124,
1291 2564 1410 2637 quibus

186 2656 461 2716 adnumerandum
493 2659 541 2715 est
572 2657 625 2715 VI.
658 2657 695 2716 52
727 2683 766 2704 =
800 2656 1018 2716 Simonideum
1052 2659 1124 2734 144,
1160 2661 1251 2718 cuius
1282 2663 1409 2722 titulum

187 2753 334 2812 vitiosum
355 2773 426 2814 esse
446 2758 524 2831 puto
547 2754 625 2832 (vid.
650 2773 680 2830 p.
706 2756 758 2814 alt.
783 2755 814 2814 h.
839 2755 980 2832 comm).
1006 2753 1129 2833 ,Πέρσαι
1150 2756 1325 2838 ῖππομάχοι
1346 2762 1409 2820 iam

186 2851 378 2912 Mnasalcam
400 2837 535 2928 arguere
557 2854 705 2912 videntur
728 2851 781 2929 (cf.
799 2851 818 2929 ἓ
836 2849 918 2928 129),
943 2855 1126 2913 conferatur
1144 2859 1307 2930 praeterea
1329 2877 1410 2918 usus

185 2947 325 3008 adverbii
352 2948 485 3011 πολλάκι
513 2952 546 3010 in
575 2952 755 3010 Mnasalcae
782 2968 830 3025 ep.
856 2953 908 3010 VI.
938 2951 995 3011 128
1025 2951 1147 3028 (eadem
1178 2953 1264 3030 sede)
1295 2959 1325 3015 et
1353 2960 1406 3018 VI.

186 3044 282 3122 125,2.
318 3048 509 3107 Praesertim
537 3051 643 3108 autem
672 3049 923 3123 comparandum
951 3052 999 3108 est
1025 3051 1093 3109 eius
1114 3068 1163 3125 ep.
1183 3052 1234 3110 VI.
1256 3053 1291 3128 9,
1323 3058 1409 3128 quod

184 3142 224 3202 ita
246 3145 321 3205 huic
341 3147 562 3224 epigrammati
584 3148 747 3222 convenit,
772 3150 808 3206 ut
829 3150 1003 3222 utrumque
1020 3148 1162 3208 eiusdem
1181 3168 1252 3209 esse
1269 3155 1408 3213 auctoris

185 3243 274 3302 valde
296 3225 466 3304 verisimile
487 3246 542 3304 sit:
1345 3260 1348 3264 ’

342 3341 404 3403 σοὶ
430 3341 502 3419 μὲν
529 3341 721 3420 καμπύλα
749 3341 844 3413 τόξα
872 3342 926 3404 καὶ
947 3343 1088 3424 ἰοχέαιρα
1110 3346 1267 3424 φαρέτρα,

382 3438 473 3519 δῶρα
493 3438 581 3519 παρὰ
603 3438 801 3520 Προμάχου,
828 3439 941 3518 Φοῖβε,
963 3440 1038 3503 τάδε
1059 3443 1227 3521 κρέμαται·

329 3531 408 3604 ιὀὺς
429 3536 463 3598 όὲ
483 3536 728 3616 πτερόεντος
749 3537 822 3598 ἀνὰ
845 3537 993 3600 κλόνον
1014 3539 1161 3618 άνὸρες
1182 3542 1306 3621 ἔχουσιν

380 3633 413 3694 ἕν
433 3633 592 3712 κραδίαις,
615 3633 693 3695 ὀλοὰ
715 3635 809 3706 ξείνια
831 3635 1022 3715 δυσμενέων.

183 3729 230 3787 Ex
265 3731 314 3789 his
350 3732 477 3792 duobus
511 3734 750 3809 epigrammatis
783 3737 995 3795 Reitzenstein
1028 3738 1155 3812 quidem
1187 3739 1407 3800 demonstrare

183 3829 304 3888 studuit
333 3828 377 3906 (p.
404 3830 490 3907 127),
522 3833 682 3906 quomodo
703 3834 882 3893 Mnasalcas
904 3835 1039 3908 pendeat
1060 3853 1079 3894 a
1103 3835 1247 3910 Sylloges
1271 3836 1406 3896 Simoni-

182 3924 257 3984 deae
285 3929 467 3987 recensione
495 3930 762 4004 Peloponnesiaca
793 3929 828 4007 (ἓ
851 3931 890 3990 38
919 3949 949 3989 n.
975 3931 1038 4008 54).
1073 3935 1142 3991 Meo
1163 3936 1270 3992 autem
1291 3935 1407 3994 iudicio

182 4026 354 4099 utrumque
374 4043 422 4100 ep.
444 4045 462 4085 a
484 4028 645 4086 Mnasalca
668 4028 831 4089 conditum
852 4031 916 4104 est,
944 4030 1125 4089 Simonidea
1146 4033 1251 4089 autem
1274 4032 1406 4092 imitatio

181 4120 212 4177 in
234 4122 402 4181 traditione
426 4123 598 4183 Simonidis
620 4125 748 4184 nomine
768 4129 881 4185 ornata
902 4129 959 4185 est.

220 4220 308 4278 Inter
332 4221 392 4279 hoc
412 4239 460 4297 ep.
482 4225 512 4280 et
533 4225 654 4281 eeteras
677 4225 857 4282 Mnasalcae
878 4224 1069 4284 imitationes
1094 4226 1292 4285 Simonideas
1314 4233 1405 4301 quat-

182 4318 252 4374 tuor
285 4317 479 4394 (Mnasalcae
510 4338 558 4394 ep.
588 4322 658 4379 VII.
690 4321 764 4395 242,
802 4321 922 4380 Simon.
952 4340 1023 4398 epp:
1053 4324 1126 4398 106,
1160 4324 1233 4400 103,
1265 4325 1316 4401 95)
1347 4327 1406 4387 hoc

182 4413 329 4490 interest,
363 4418 449 4490 quod
480 4417 513 4476 in
545 4419 595 4476 his
626 4419 766 4477 imitator
797 4437 815 4477 a
846 4423 931 4478 certo
966 4421 1150 4486 Simonideo
1178 4423 1407 4498 epigrammate

182 4511 340 4584 profectus
381 4514 516 4573 aliorum
557 4534 685 4591 quoque
729 4517 984 4576 Simonideorum
1027 4521 1292 4595 epigrammatum
1335 4541 1405 4583 sen·

182 4609 293 4668 tentias
329 4612 377 4669 vel
414 4613 509 4671 verba
545 4614 709 4696 adhibuit,
747 4615 779 4672 in
815 4619 925 4674 nostro
957 4621 1063 4676 autem
1095 4619 1220 4677 dicendi
1252 4622 1405 4682 rationem

183 4704 464 4781 Peloponnesiacae
494 4711 627 4771 Scholae
655 4715 801 4789 secutuS,
833 4715 866 4771 in
893 4716 1081 4775 universum
1103 4720 1228 4777 tantum
1250 4753 1288 4762 —-
1310 4725 1402 4798 quia,

182 4804 305 4880 opinor,
340 4807 567 4868 dedicatoriam
596 4813 644 4869 est
671 4811 868 4887 epigramma
896 4846 934 4853 -
963 4815 1081 4874 bellum
1110 4817 1283 4894 Medicum,
1319 4821 1405 4894 quod
