3572 5716
772 527 830 597 209
1201 525 1220 614 a
1244 529 1317 614 123,
1343 531 1410 598 m.

187 739 250 801 quo
271 725 364 801 poeta
386 725 416 785 et
437 721 475 785 de
496 720 695 800 condicione,
720 741 802 800 quae
822 725 905 784 inter
925 740 999 784 enm
1020 724 1117 800 atque
1140 722 1289 802 Syllogen
1314 725 1413 786 Simo·
1514 755 1517 766 =

187 824 311 883 nideam
333 826 442 884 extare
464 825 624 899 videatur,
649 825 681 884 in
704 824 914 898 sequentibus
938 821 982 901 ξς
1005 823 1176 898 disputabo
1197 823 1261 900 163).

228 919 246 998 ξ
271 921 339 980 124.
385 920 437 981 De
456 921 647 982 Mnasalcae.
688 923 885 982 Mnasalcam
909 921 1082 980 Simonidis
1103 921 1205 980 fuisse
1224 923 1413 981 imitatorem

186 1021 322 1078 testatur
354 1020 590 1096 TheodoridaS‚
628 1021 683 1095 qui
720 1020 779 1079 hoc
813 1020 845 1078 in
878 1037 951 1078 eum
983 1019 1123 1078 condidit
1155 1037 1203 1094 ep.
1234 1020 1414 1079 irrisorium

187 1116 262 1193 (ΑΡ.
288 1118 380 1176 XIII.
405 1116 473 1194 all:

386 1212 598 1283 Μνασάλκεος
618 1213 652 1275 τὸ
674 1218 760 1294 σᾶμα
782 1218 827 1275 τῶ
848 1211 1013 1274 Πλαταΐόα

427 1315 471 1373 τῶ
487 1312 688 1392 ’λεγηοττοιῶ.

390 1409 410 1470 ἆ
438 1408 566 1471 Maca
595 1409 625 1472 δ’
648 1409 755 1472 αὐτῶ
783 1414 850 1478 τᾶς
877 1406 1091 1496 Σιμωνίόα
1118 1407 1280 1476 nitidae

427 1505 472 1586 ἧς
500 1506 820 1587 ἀποσπάραγμα·

333 1605 347 1650 5
387 1604 463 1666 κενά
484 1628 515 1666 τε
535 1604 676 1686 κλαγγὰν
697 1604 981 1684 κᾶπιλακυθίστρια

429 1702 705 1784 διθυραμβοχάνα.

388 1801 535 1873 rahans,
557 1801 602 1882 μὴ
624 1802 787 1881 βάλωμες·
810 1799 893 1863 εἶδέ
913 1824 950 1862 κε
971 1800 1056 1873 ζόεν,

427 1899 590 1978 τύμπανον
610 1901 641 1960 κ’
660 1899 771 1980 ε’φύση.

187 2033 323 2082 Lectiones
346 2035 441 2084 codicis
465 2036 591 2099 Palatini,
615 2037 642 2084 in
666 2051 719 2099 quo
743 2052 796 2086 uno
821 2037 870 2086 hoc
892 2051 932 2098 ep.
957 2036 1067 2098 legitur,
1092 2034 1195 2097 roganti
1218 2033 1282 2081 mihi
1300 2032 1415 2096 benigue

189 2116 309 2178 praebuit
332 2116 524 2168 Stadtmiiller:
550 2116 581 2169 ‘n
599 2119 623 2168 l.
648 2121 685 2168 τ’τῖτ
709 2117 877 2182 μνασαλκεοσ
928 2123 965 2167 τῶ
988 2114 1117 2167 πλαταϊὸα
1162 2117 1186 2166 1.
1212 2119 1250 2164 τῶ
1268 2113 1414 2195 λεγτζττποιῶ

187 2199 307 2264 (hyphen
327 2201 358 2262 Β)
398 2201 422 2251 3.
448 2199 543 2266 ἁμῶσα
578 2199 623 2258 τὰς
640 2201 704 2265 (non
722 2203 779 2265 τᾶς)
797 2201 927 2267 σιμωνίδα
945 2200 1049 2257 atridas
1089 2203 1112 2253 ll.
1137 2218 1172 2267 ησ
1188 2198 1240 2250 ἀπο
1258 2197 1414 2264 σπάραγμα·

187 2285 209 2334 5.
235 2302 298 2334 univ
315 2302 361 2334 ατε
378 2276 391 2340 ξ
408 2304 456 2350 γαν
471 2285 518 2349 (sc.
535 2284 582 2336 καὶ
600 2287 659 2352 γαν)
676 2306 690 2343 ς
706 2286 768 2338 mla
785 2286 929 2352 κυθιστρια
948 2288 994 2349 (sc.
1013 2305 1058 2337 και
1076 2289 1117 2349 ττι)
1163 2287 1187 2337 ὓ.
1214 2283 1415 2349 ὃιθυραβοχανα

186 2369 354 2434 (1011·χωνα)
389 2371 411 2421 7.
429 2368 599 2431 εἷδεκεζοεν
632 2372 656 2422 8.
674 2369 809 2436 τύμπανον
821 2370 937 2438 γεεφύση
950 2371 1026 2434 (sicl'.
1044 2399 1076 2406 -
1095 2371 1210 2426 11.3τᾶς
1222 2387 1287 2420 corr.
1299 2371 1415 2433 Brunclr,

187 2454 203 2502 5
219 2450 284 2503 κενά
302 2471 329 2502 τε
347 2451 463 2520 κλαγγὰν
479 2457 585 2520 Jacobs,
602 2456 618 2505 8
635 2453 665 2505 κ’
680 2453 767 2522 ε’φύση
786 2457 918 2508 Schaefer.

188 2575 368 2648 Antequam
391 2576 572 2652 videamus,
601 2577 678 2650 quid
700 2578 775 2637 huic
795 2577 976 2636 testimonio
996 2577 1203 2635 tribuendum
1225 2576 1282 2650 sit,
1311 2574 1415 2634 dioen-

188 2672 264 2730 dum
293 2675 342 2730 est
370 2675 410 2732 de
431 2674 537 2732 verbis
558 2675 654 2749 ipsis,
685 2692 769 2749 quae
790 2675 849 2733 viri
871 2675 970 2750 docti,
1001 2691 1199 2750 quamquam
1220 2673 1415 2732 Mnasalcam

188 2771 341 2845 appellari
365 2770 537 2831 Simonidis
558 2773 747 2831 imitatorem
771 2791 834 2832 non
856 2776 991 2849 negant,
1021 2773 1072 2831 alii
1095 2773 1184 2830 aliter
1205 2771 1415 2846 interpretan-

187 2873 249 2928 tur.
275 2870 323 2929 Ad
345 2887 447 2928 unum
468 2887 579 2928 omnes
602 2870 736 2929 verbum
757 2868 900 2945 πλάτῖας,
925 2871 1011 2945 quod
1030 2869 1213 2942 ceteroquin
1233 2886 1297 2926 non
1316 2868 1412 2943 redit,

188 2968 301 3026 vitium
333 2968 418 3027 alere
449 2971 582 3043 putant;
614 2969 678 3027 iam
712 2969 906 3043 Salmasius,
941 2969 1055 3026 deinde
1086 2967 1228 3040 Toupius
1260 2967 1328 3025 coll.
1359 2966 1412 3023 Ar.

188 3066 315 3124 Thesm.
342 3065 400 3124 770
425 3083 495 3140 sqq.
521 3070 733 3142 reposuerunt
754 3063 879 3132 πλάτας.
912 3066 1016 3134 Quam
1038 3065 1252 3124 coniecturam
1275 3063 1417 3122 Meinehe

188 3162 268 3223 *Del
301 3164 396 3222 Anth.
427 3181 458 3240 p.
491 3165 547 3224 197
582 3163 700 3242 (locum
731 3166 830 3224 debeo
860 3165 960 3224 lexico
990 3161 1158 3239 Stephani)
1188 3163 1233 3220 sic
1260 3161 1415 3220 defendit:

191 3258 330 3319 ίττ1άτα.
358 3306 364 3319 .
390 3307 397 3320 .
424 3305 430 3319 .
454 3262 536 3321 idem
567 3264 692 3322 videtur
721 3264 903 3338 significare
930 3263 1016 3337 quod
1045 3258 1140 3336 σελίς,
1172 3263 1207 3320 ut
1235 3260 1416 3318 Mnasalcae

187 3360 292 3433 poesis
309 3360 438 3418 nonnisi
453 3361 600 3436 decerpta
619 3361 820 3420 Simonideae
834 3362 962 3420 chartae
979 3361 1134 3435 particula
1150 3359 1250 3417 luisse
1265 3354 1412 3415 dicatur'.

188 3458 297 3533 Longe
324 3457 415 3515 aliter
437 3457 641 3516 Wilamowitz
664 3457 771 3534 (GGA'.
798 3457 875 3516 1898
896 3476 927 3532 p.
954 3458 1010 3517 158
1033 3475 1081 3531 sq.
1106 3476 1137 3515 n.
1164 3454 1211 3530 1);
1244 3455 1307 3512 ‘fiir
1330 3454 1416 3511 seine

189 3555 221 3630 (i.
246 3573 273 3614 e.
302 3553 488 3630 Simonidis)
518 3556 724 3631 Epigramme
744 3556 819 3630 liegt
840 3555 898 3614 das
919 3555 1068 3614 tadelnde
1088 3553 1186 3614 Urteil
1208 3553 1294 3610 eines
1317 3551 1415 3608 Fach·

187 3669 345 3728 genossen
374 3670 434 3711 aus
461 3653 533 3711 dem
559 3654 675 3712 dritten
697 3654 921 3712 Jahrhundert
943 3671 1029 3712 vor.
1057 3697 1062 3710 .
1090 3697 1096 3710 .
1124 3696 1130 3709 .
1155 3653 1209 3716 τᾶς
1229 3645 1415 3727 Σιμωνίδου

187 3748 339 3816 πλάτας
369 3746 409 3827 ἦν
440 3749 696 3828 ἀποσπάραγμα,
731 3752 882 3826 Kalauer,
919 3752 1056 3827 gemeint
1087 3753 1141 3827 τῆς
1167 3745 1416 3821 πλατύτητος

220 4000 267 4063 163)
303 4002 332 4049 ln
345 4003 625 4065 commentationibus,
639 4016 706 4065 quas
718 4003 881 4064 scripserunt
893 4002 925 4049 de
939 4002 1128 4064 epigrammate
1143 3998 1320 4047 Alexandrino
1333 3995 1416 4045 Couat

187 4085 223 4146 (la
241 4085 332 4134 Poesie
350 4087 519 4135 alexandrine
537 4084 603 4134 1882
621 4085 712 4147 ntro
731 4085 800 4148 sqq.)
823 4089 850 4134 et
867 4086 975 4134 Knaack
994 4084 1046 4146 (ap.
1065 4083 1207 4132 Susemihl.
1227 4082 1298 4131 Alex.
1317 4081 1366 4128 Ln.
1385 4080 1415 4127 ll.

187 4171 235 4220 523
252 4171 337 4235 sqq),
355 4171 472 4219 condicio
491 4184 596 4232 poeseos
612 4170 805 4218 Alexandrinae
823 4169 1054 4232 epigrammatiene
1072 4173 1099 4216 et
1115 4167 1235 4231 Sylloges
1250 4166 1416 4214 Simonideae

188 4271 239 4305 non
262 4256 392 4318 tangitur.
418 4254 476 4312 Qua
499 4269 529 4302 ex
555 4269 582 4302 re
605 4252 689 4302 allicio
715 4254 762 4301 hos
783 4254 851 4301 viros
869 4254 930 4301 clar.
949 4253 1100 4301 existimare
1120 4253 1221 4300 nullam
1240 4255 1330 4300 extare
1348 4250 1418 4297 inter

187 4341 350 4391 Simonidem
377 4345 404 4388 et
429 4339 659 4402 epigrammaticos
684 4338 875 4387 Alexandrinos
901 4339 1065 4386 relationem.
1092 4336 1190 4385 Contra
1215 4335 1300 4398 Bergk
1326 4350 1349 4396 p.
1368 4333 1417 4382 lla

187 4426 303 4487 scripsit:
330 4419 521 4486 ‘manifestum
544 4430 597 4486 est,
624 4427 679 4472 tam
705 4438 749 4471 eos
773 4427 876 4486 poetas,
903 4424 949 4485 qui
974 4423 1098 4484 proximis
1121 4422 1233 4471 saeculis
1257 4421 1417 4481 floruerunt,

188 4525 268 4572 quam
286 4524 344 4570 eos,
362 4509 408 4571 qui
426 4513 486 4571 post
503 4508 646 4556 Alexandri
665 4513 777 4556 mortem
797 4508 845 4556 hoc
864 4509 947 4570 poesis
963 4522 1047 4570 genus
1063 4509 1278 4568 illustraverunt,
1298 4506 1417 4568 Anyten‚

188 4594 364 4655 Mnasalcam,
383 4593 589 4654 Callimachum,
608 4593 673 4640 alios
690 4607 882 4654 saepenumero
902 4593 965 4640 haee
980 4593 1035 4654 ipsa
1051 4607 1120 4654 quae
1136 4593 1261 4640 feruntur
1276 4590 1418 4639 Simonidis

188 4679 295 4727 nomine
314 4678 505 4740 epigrammata
523 4677 640 4725 imitatos
658 4676 731 4725 esse'.
765 4677 793 4724 ln
813 4676 967 4726 Callimachi
986 4682 1077 4724 autern
1096 4676 1293 4738 epigrammatis
1312 4677 1416 4722 nullum

188 4768 227 4812 est
250 4762 418 4811 Simonideae
442 4762 599 4810 imitationis
623 4762 778 4823 vestigium,
803 4761 864 4808 licet
888 4761 1077 4823 grammaticus
1095 4759 1219 4824 Syllogen
1239 4759 1416 4809 Simonideam

189 4848 215 4896 in
232 4847 332 4896 tabulis
349 4847 404 4896 suis
422 4847 566 4910 respexisse
584 4846 705 4894 videatur
723 4844 766 4906 (cl.
786 4843 798 4906 ἓ
816 4843 910 4908 wip).

1285 4927 1317 4980 14
