3546 5724
414 486 489 561 Cap.
515 487 540 544 I.
1008 487 1044 546 10

452 673 522 732 Non
551 673 668 732 rectius
696 673 783 732 aliud
811 673 1002 732 vocabulum
1032 674 1166 733 vertisse
1194 675 1253 732 viri
1281 674 1365 734 docti
1390 675 1467 732 mihi
1490 675 1632 733 videntur

414 789 455 830 sc.
482 769 680 848 ἐπίγραμμα,
705 771 756 830 oui
779 771 1042 847 significationem
1065 771 1450 846 metricae-inscriptionis
1470 771 1631 848 (epigram-

413 867 520 943 matis)
552 869 699 927 tribuunt
729 887 850 928 omnes,
880 865 1083 946 Ἐπίγραμμα
1115 874 1220 928 autem
1253 870 1283 928 fd
1315 873 1379 945 est,
1414 872 1499 945 quod
1528 872 1632 930 inscri-

413 967 514 1040 bitur,
550 965 742 1044 inscriptio.
784 969 969 1042 Antiquiore
1001 972 1102 1027 aetate
1134 969 1278 1027 homines
1311 968 1344 1026 in
1376 969 1632 1044 inscriptionibus

413 1066 587 1128 referendis
609 1083 784 1140 numquam
807 1066 959 1124 orationis
978 1083 1080 1142 genus
1100 1067 1255 1141 respicere
1273 1066 1433 1140 solebant,
1459 1084 1561 1141 neque
1578 1067 1633 1126 hcc

413 1181 565 1237 umquam
597 1163 683 1239 apud
713 1163 910 1221 Herodotum
937 1181 1000 1221 usn
1030 1163 1115 1221 venit
1135 1162 1177 1237 ‘ll;
1211 1167 1346 1221 exeunte
1371 1163 1500 1222 demum
1526 1164 1633 1238 quinto

413 1262 538 1320 saeculo
567 1259 710 1321 metrico
734 1262 899 1337 inscriptio
920 1262 1071 1336 peculiari
1094 1262 1249 1321 vocabulo
1271 1279 1383 1336 nempe
1405 1259 1537 1338 ἐλεγεῖον
1557 1263 1632 1320 indi·

412 1360 476 1418 cari
505 1364 613 1435 coepta
642 1363 689 1418 est
711 1360 747 1436 i).
784 1363 870 1437 Ergo
898 1379 962 1419 non
990 1361 1062 1419 licet
1090 1362 1200 1420 nostro
1221 1361 1289 1420 loco
1311 1358 1493 1436 ἐπίγραμμα
1516 1362 1634 1418 vertere

412 1476 468 1532 per
493 1457 721 1534 ‘epigramma',
746 1477 884 1533 quacum
908 1478 982 1519 voce
1004 1459 1148 1518 homines
1169 1459 1284 1535 ligatae
1305 1459 1458 1518 orationis
1477 1457 1633 1516 notionem

412 1557 604 1632 coniungere
626 1558 727 1616 solent
748 1576 786 1615 ex
809 1558 983 1632 posteriorc
1004 1557 1127 1616 dicendi
1150 1555 1260 1632 usui).

453 1655 565 1729 Itaque
591 1656 623 1714 iu
653 1656 758 1730 priore
784 1658 875 1730 parte
902 1655 1077 1714 sententiae
1101 1657 1231 1714 nostrae
1251 1655 1367 1730 legitur
1388 1655 1461 1713 hoc:
1492 1653 1633 1727 Amphic-

412 1755 523 1827 tyones
543 1754 692 1812 statuisse
707 1753 816 1828 cippos
831 1754 863 1811 in
880 1753 1064 1812 memoriam
1081 1753 1384 1827 Peloponnesiorum
1402 1752 1633 1826 Spartiatarum

412 1851 574 1925 Megistiae
607 1847 716 1928 (Ἀμιγ.
751 1848 809 1909 εἶσί
837 1871 936 1928 σφεας
967 1847 1092 1928 στήλῃσι
1121 1849 1150 1908 αἱ
1178 1848 1475 1928 ἐπικοσμήσαντες),
1510 1849 1632 1907 illorum

413 1948 490 2024 (Pel.
525 1948 596 2024 Sp.)
626 1951 731 2008 autem
761 1951 885 2008 tantum
914 1949 1024 2023 cippos
1052 1949 1259 2024 inscriptione
1285 1965 1420 2007 ornasse
1449 1945 1519 2022 (εἰσί
1539 1967 1635 2022 σφεας

411 2043 624 2123 ἐπιγράμμασι
639 2045 668 2106 oi
683 2045 949 2126 ἐπικοσμήσαντες
964 2046 1035 2116 ἔξω
1051 2047 1070 2124 ἢ
1086 2043 1124 2106 τὸ
1140 2050 1203 2106 τοῦ
1218 2044 1374 2122 μάντιος
1389 2042 1631 2122 ἐπίγραμμα).

378 2137 385 2148 ’
411 2144 502 2212 Quod
524 2145 590 2219 hic,
622 2148 657 2204 ut
678 2145 720 2203 ita
743 2145 862 2218 dicam,
888 2142 1046 2221 nepetino
1067 2145 1204 2204 traditur
1226 2145 1265 2203 de
1285 2143 1501 2219 inscriptionis
1524 2143 1634 2218 Megis-

411 2242 471 2300 tiae
499 2242 694 2317 dedicatore,
724 2243 756 2301 id
785 2244 816 2300 lu
846 2244 943 2302 altera
973 2243 1148 2303 sententiae
1175 2246 1264 2318 parte
1280 2240 1431 2318 positive
1451 2241 1634 2316 exponitur:

411 2337 444 2398 τὸ
476 2337 509 2398 δὲ
540 2344 595 2398 τοῦ
626 2338 753 2416 μάντιας
783 2340 839 2415 (se.
871 2338 1068 2417 ἐπίγραμμα)
1098 2338 1283 2417 Σιμωνίδης
1311 2337 1371 2400 ἐστὶ
1400 2337 1417 2398 ὁ
1446 2335 1632 2414 ἐπιγράψας.

411 2439 523 2512 Itaque
552 2436 749 2498 Simonides
775 2438 852 2512 fnit,
883 2439 936 2512 qui
966 2439 1058 2513 cippo
1086 2439 1118 2496 in
1146 2439 1308 2513 Megistiae
1329 2439 1480 2497 honorem
1504 2437 1543 2495 ab
1565 2438 1636 2494 Am·

411 2536 636 2610 phictyonibus
658 2523 760 2610 posito
782 2536 1019 2610 inscriptionem
1042 2537 1277 2595 inscribendam
1300 2536 1425 2595 curavit
1435 2534 1473 2610 ll).

451 2634 537 2708 Ergo
566 2634 748 2692 Herodotus
776 2634 835 2692 hoc
863 2637 987 2692 tantum
1017 2635 1126 2693 tradit:
1159 2629 1406 2709 Amphictyones
1428 2635 1459 2692 in
1483 2635 1635 2692 honorem

412 2732 730 2806 Peloponnesiorum,
768 2732 1020 2807 Spartiatarum,
1055 2733 1219 2807 Megistiae
1250 2733 1401 2790 statuisse
1434 2733 1493 2790 tria
1525 2748 1635 2789 monu-

411 2832 532 2903 menta,
557 2848 594 2888 ox
614 2829 731 2903 quibus
749 2830 836 2904 ipsos
855 2830 999 2904 duobus,
1025 2831 1079 2888 uni
1099 2832 1228 2904 propter
1244 2830 1372 2905 hospitii
1391 2828 1635 2888 familiaritatem

412 2928 605 2986 Simonidem
648 2927 885 3002 inscriptionem
922 2927 1159 2987 inscribendam
1198 2928 1372 2986 curavisse.
1417 2927 1501 2985 Nihil
1539 2927 1632 2984 ultra.

409 3026 530 3084 Acriter
558 3025 655 3099 igitur
683 3025 854 3083 tenendum
884 3030 931 3084 est
959 3029 1083 3084 tantum
1110 3026 1238 3100 abesse,
1271 3028 1306 3082 ut
1330 3024 1511 3082 Herodotus
1535 3023 1636 3082 Simo·

410 3124 514 3182 nidem
541 3123 961 3198 epigrammatisauctorcm
985 3125 1101 3199 dicat,
1117 3127 1152 3183 ut
1174 3141 1213 3182 ne
1235 3127 1335 3181 metro
1356 3122 1484 3197 quidem
1506 3123 1637 3198 ligatam

409 3222 509 3280 inisse
530 3221 785 3297 inscriptionem,
818 3223 1008 3280 vocabulum
1031 3221 1214 3298 ἐπίγραμμα
1236 3240 1308 3280 cum
1330 3220 1510 3296 adhiberet,
1539 3219 1637 3295 signi·

409 3321 506 3378 ficare
527 3320 672 3378 voluerit.

451 3416 469 3494 ἓ
495 3418 541 3477 10.
587 3416 637 3477 De
673 3416 863 3478 sententiae
897 3420 1083 3478 structura.
1129 3418 1327 3477 Herodotum
1365 3416 1554 3476 sententiam
1591 3415 1638 3474 sic

408 3516 546 3591 intellegi
576 3517 730 3591 voluisse,
762 3519 797 3576 ut
826 3518 990 3591 superiore
1017 3517 1219 3593 paragrapho
1241 3516 1391 3591 exposui,
1423 3516 1512 3573 docet
1534 3517 1637 3572 struc-

409 3618 480 3672 tura
503 3616 676 3673 sententiae
697 3616 776 3689 ipsa.
803 3615 956 3674 Consulto
977 3615 1061 3673 enim
1084 3618 1155 3689 post
1176 3613 1239 3683 ι’·’ξσι
1263 3613 1280 3691 ἢ
1304 3614 1521 3673 accusativum
1537 3612 1638 3686 scrip·

441 3873 463 3927 ⁶)
498 3875 652 3937 Synonyma
673 3880 714 3922 cst
733 3890 777 3922 vox
797 3869 945 3936 ἐπιγραφή,
970 3889 1024 3936 qna
1041 3874 1073 3921 dc
1090 3874 1204 3922 metrice
1222 3874 1390 3935 inscriptione
1411 3873 1496 3920 utitur
1515 3871 1638 3934 liplrorns

409 3959 438 4006 fr.
457 3958 501 4007 tul
529 3957 615 4019 (ltin.
642 3959 658 4006 l.
682 3957 731 4006 ‘toa
757 3974 784 4000 =
814 3958 884 4006 lliod.
909 3959 976 4006 lllll.
1002 3957 1059 4019 11),
1083 3964 1110 4006 ct
1132 3958 1163 4006 iis
1182 3958 1256 4019 locis,
1282 3972 1348 4020 qnos
1366 3972 1395 4006 cr
1415 3974 1445 4006 eo
1465 3958 1570 4006 fluxisse
1589 3963 1639 4004 arn

408 4049 510 4091 constat
527 4051 574 4090 aut
593 4043 732 4092 verisimile
750 4049 801 4091 cst:
825 4043 894 4091 lliod.
914 4043 956 4091 Xl.
976 4042 1008 4090 ul
1026 4044 1070 4102 (cf.
1089 4041 1160 4102 §tat
1178 4049 1205 4090 ct
1225 4043 1293 4091 l’lnt.
1314 4042 1377 4090 Μαι.
1395 4041 1445 4090 atu
1463 4057 1477 4090 c
1494 4041 1538 4102 (cf.
1557 4040 1638 4102 529)-

440 4125 462 4182 7)
498 4127 699 4176 Vetustissimos
724 4128 802 4175 lulius
821 4128 939 4177 vocabuli
958 4128 990 4175 dn
1010 4128 1178 4189 inscriptione
1198 4128 1306 4176 metrica
1325 4142 1389 4175 usus
1407 4133 1447 4176 est
1465 4126 1533 4188 apud
1552 4125 1638 4174 'l'lrnc

410 4213 426 4260 l.
451 4211 512 4274 tna,
536 4212 562 4259 in
588 4212 756 4274 inscriptimrc
780 4212 880 4260 «tonarii
904 4213 1032 4274 Lysandri
1050 4210 1063 4273 ἓ
1081 4211 1113 4260 24
1132 4213 1239 4260 laudata
1257 4218 1284 4259 ct
1302 4212 1328 4260 in
1347 4212 1516 4273 inscriptione
1534 4211 1639 4260 donarii

408 4297 536 4359 Lysandri
555 4297 682 4345 nauarchi
700 4297 837 4345 cniusdam
856 4295 1270 4360 (Cornptcsr·errdusl901,(iltl
1289 4311 1313 4346 n.
1332 4294 1366 4358 3).
1390 4295 1427 4345 ef.
1447 4295 1543 4344 Critiae
1562 4297 1593 4344 fr.
1613 4294 1639 4344 3.

440 4381 463 4437 ὃ)
498 4381 524 4430 Si
548 4381 607 4443 quis
632 4382 772 4442 posteriore
795 4387 883 4431 aetate
909 4382 1105 4445 inscriptionem
1132 4397 1207 4444 prosa
1228 4382 1346 4430 oratione
1364 4382 1534 4443 conpositam
1553 4381 1639 4428 deno-

409 4471 463 4514 tare
489 4465 581 4526 vellet,
608 4466 678 4514 alind
703 4467 889 4528 enuntiatum,
915 4481 948 4514 ne
971 4472 1092 4515 errarent
1117 4467 1239 4529 lectores,
1264 4474 1322 4515 erut
1347 4465 1527 4528 usurpandum
1553 4470 1639 4528 atquc

407 4552 609 4613 inveniendum3
634 4552 709 4600 cuius
728 4553 765 4600 rci
785 4553 900 4615 lepidum
920 4552 1049 4601 habemns
1068 4554 1219 4615 exemplum
1238 4553 1308 4616 apud
1328 4552 1468 4601 Aristidem
1488 4550 1532 4600 till
1555 4551 1584 4600 n.
1606 4567 1637 4594 =

407 4635 452 4685 llil
475 4636 518 4697 li.,
541 4636 584 4684 ubi
604 4637 702 4699 legitur
720 4653 766 4685 crox
784 4633 1003 4700 παράγραμμα,
1021 4638 1052 4686 cf.
1072 4635 1084 4698 ἓ
1102 4637 1134 4685 55
1153 4653 1178 4687 ιι.
1196 4637 1235 4686 15.

440 4720 462 4775 *ll
498 4720 570 4778 (lactc
594 4729 634 4770 cst
658 4722 739 4784 igitur
758 4721 912 4770 llaibcliana
930 4722 1082 4785 explicatio,
1107 4722 1251 4784 aPregero
1270 4722 1296 4770 in
1317 4722 1385 4770 vocis
1402 4715 1556 4784 ἐπιγράφειν
1575 4725 1603 4770 et
1623 4736 1639 4768 a

408 4821 449 4855 mc
468 4806 493 4853 in
515 4807 582 4854 vocis
598 4801 750 4869 ἐπίγραμμα
767 4805 960 4870 significatione
978 4816 1103 4855 correcta.
