3516 5712
609 837 656 898 11.
702 850 904 899 PAUSANIAS.

187 1098 205 1178 ξ
228 1100 277 1159 65.
323 1097 594 1159 Demonstrotcr
617 1096 831 1176 periegetam
859 1113 961 1157 osum
989 1113 1058 1158 esec
1078 1095 1372 1174 epiprammotum

149 1194 333 1258 corollario
356 1193 448 1272 (Mel.
475 1193 578 1272 Con).
621 1196 862 1271 Epigrammata
886 1194 1085 1270 Simonidea,
1110 1213 1192 1270 qnae
1214 1197 1373 1272 periegeta

149 1295 255 1370 affert,
290 1295 318 1352 si
345 1294 439 1353 unice
466 1311 505 1352 ex
533 1293 749 1352 monumentis
777 1293 996 1368 cognovisset,
1031 1309 1067 1351 ea
1095 1293 1236 1367 profecto
1263 1297 1374 1369 poetae

150 1385 273 1451 nomine
294 1410 359 1451 non
380 1393 537 1451 ornasset.
573 1391 654 1451 Cum
676 1395 781 1450 autern
803 1391 853 1450 his
875 1391 1112 1466 epigrammati,
1137 1391 1223 1466 qnod
1243 1391 1369 1468 laudat,

151 1489 320 1549 Simonidis
346 1489 566 1549 auctoritatem
588 1489 760 1565 adiungat,
791 1489 841 1547 bis
865 1488 1021 1548 Simonidi
1042 1489 1255 1565 epigramma,
1286 1491 1373 1564 quod

150 1605 207 1646 non
239 1587 381 1663 profert,
419 1587 539 1646 tribuat
552 1583 857 1662 (constituendum
888 1589 936 1645 est
967 1604 1041 1646 eum
1072 1587 1157 1645 domi
1188 1587 1372 1646 adversaria

150 1685 340 1762 redigentem
368 1685 409 1744 ad
437 1702 568 1744 manum
597 1685 750 1752 habuisse
777 1685 1044 1762 epigrammatum
1072 1685 1302 1762 collectionem,
1334 1704 1373 1744 ex

150 1783 199 1857 qui
221 1783 445 1842 annotationes
467 1799 544 1840 suas
566 1783 737 1857 suppleret.

184 1881 442 1956 Epigrammata,
468 1897 605 1954 quorum
627 1881 750 1938 textum
771 1879 898 1938 exhibet
917 1880 1112 1956 Pausaniae,
1137 1882 1213 1939 sunt
1231 1898 1279 1956 ep.
1296 1881 1369 1957 160,

150 1979 230 2052 quod
262 1977 438 2052 ascriptum
470 1977 549 2048 vidit
582 1975 634 2053 (X.
664 1977 712 2035 27.
737 1974 769 2052 4)
802 1994 820 2035 a
852 1976 964 2036 dextra
995 1979 1085 2052 parte
1116 1977 1274 2053 picturae,
1308 1996 1372 2053 qua

152 2075 274 2150 Delphis
291 2075 489 2150 Polygnotus
505 2073 692 2134 Cnidiorum
707 2071 833 2134 ieschae
847 2075 1000 2150 parietem
1014 2075 1221 2134 exornavisse
1233 2076 1373 2135 traditur

153 2171 239 2249 (κατὰ
261 2176 353 2232 τοῦτο
369 2161 429 2250 Ιτῆς
449 2176 576 2250 γραφῆς
596 2169 650 2231 καί
671 2169 804 2249 ἐλεγεῖόν
825 2170 886 2232 ἐστι
907 2175 961 2231 τοῦ
983 2169 1252 2251 Σιμωνίδου),
1277 2175 1373 2248 atque

152 2288 192 2346 ep.
215 2271 289 2346 152,
315 2269 401 2345 qnod
424 2269 590 2345 Olympiae
611 2270 809 2345 insculptum
830 2270 931 2329 fuisse
952 2271 1096 2330 Philonis
1119 2271 1287 2347 Corcyraei
1309 2275 1372 2331 sta·

151 2371 218 2428 tuae
243 2369 359 2428 dicitur
388 2367 454 2445 (VI.
479 2367 506 2426 9.
532 2367 565 2426 9:
588 2364 689 2444 τούτῳ
710 2371 756 2445 τῷ
781 2364 899 2428 Φίλωνι
919 2364 1158 2448 Σιμωνίδης
1179 2367 1198 2428 ὁ
1218 2367 1372 2447 Λεωπρέ-

152 2487 225 2532 πους
246 2464 380 2543 ἐλεγεῖον
402 2462 589 2535 δεξιώτατον
609 2463 761 2544 ἐποίησε).
787 2466 868 2526 Cum
889 2484 937 2542 ep.
961 2466 1018 2525 160
1039 2467 1132 2526 etiam
1154 2468 1217 2526 AP.
1238 2469 1293 2526 IX.
1316 2468 1373 2528 700

155 2563 303 2623 Simonidi
331 2563 521 2623 attributum
548 2563 687 2639 legatur,
719 2563 884 2638 probabile
904 2565 952 2622 est
973 2550 1175 2623 Pausaniam
1189 2566 1374 2625 adhibuisse

153 2663 358 2723 collectionem
385 2662 653 2737 epigrammatum
681 2678 754 2720 curn
782 2662 844 2720 AP.
869 2664 1047 2737 cognatam.
1082 2662 1172 2736 Quae
1193 2665 1373 2724 accuratius

153 2761 315 2820 definietur
336 2760 526 2820 examinatis
546 2760 586 2818 iis
606 2760 700 2835 locis,
724 2760 780 2819 ubi
804 2759 959 2819 Simonidi
980 2761 1202 2820 attribuuntur
1217 2763 1373 2839 epigram·

154 2862 230 2920 mata
251 2861 321 2936 ipsa
343 2877 408 2918 non
429 2858 569 2918 laudata.

188 2959 319 3018 Disserit
333 2957 493 3034 periegeta
508 2956 569 3015 III.
585 2957 613 3016 8.
629 2957 647 3016 2
662 2957 701 3016 de
715 2958 896 3017 Archidami
911 2957 978 3017 filia
993 2958 1147 3033 Cynisca,
1172 2976 1256 3034 qnae
1269 2961 1374 3034 prima

153 3057 287 3115 omnium
315 3057 508 3115 feminarum
537 3073 637 3130 equos
659 3056 737 3115 aluit
758 3059 789 3115 et
811 3056 977 3133 Olympiae
1000 3056 1163 3116 victoriam
1186 3060 1370 3134 reportavit.

154 3153 206 3212 Cui
235 3155 406 3214 memoriae
437 3155 520 3213 hanc
551 3154 697 3230 adiungit
728 3155 1053 3214 animadversionem:
1090 3152 1135 3213 ὅτι
1168 3153 1228 3234 γὰρ
1259 3155 1304 3234 μὴ
1337 3160 1373 3234 τῇ

154 3247 288 3330 Κυνίσκᾳ
316 3250 351 3312 τὸ
377 3249 560 3330 ἐπίγραμμα
587 3249 731 3330 ἐποίησεν
753 3249 862 3319 ὅστις
884 3251 939 3331 δή,
968 3249 1021 3312 καὶ
1041 3251 1084 3312 ἔτι
1104 3251 1260 3331 πρότερον
1281 3251 1372 3314 Hav-

154 3349 236 3428 σανίᾳ
266 3348 301 3410 τὸ
333 3348 383 3410 ἐπὶ
413 3355 459 3428 τῷ
489 3348 611 3427 τρίποδι
639 3347 877 3430 Σιμωνίδης
906 3350 968 3428 (ep.
993 3349 1065 3427 138)
1095 3356 1141 3429 τῴ
1169 3349 1314 3412 ἀναθέντι
1342 3352 1374 3420 ἐς

155 3443 302 3526 Δελφούς,
320 3446 396 3508 ἄλλο
412 3469 446 3526 γε
459 3445 546 3526 παρὰ
562 3445 680 3526 ἀνδρὸς
692 3451 825 3527 ποιητοῦ
840 3445 1106 3526 Λακεδαιμονίων
1121 3453 1184 3516 τοῖς
1197 3449 1374 3526 βασιλεῦσιν

154 3542 241 3605 οὐδέν
261 3545 340 3606 ἐστιν
361 3545 393 3613 ἐς
412 3544 552 3625 μνήμην.
585 3547 834 3623 Epigrammatis
859 3547 915 3606 138
936 3547 1065 3606 traditio
1085 3548 1189 3606 omnis
1212 3549 1305 3608 nobis
1326 3553 1373 3609 est

154 3645 272 3719 cognita
294 3643 329 3722 (ἓ
354 3643 436 3721 138).
471 3646 565 3720 Apud
586 3646 765 3721 complures
789 3646 960 3721 scriptores
984 3644 1242 3718 (Demosthenem
1267 3644 1372 3723 [Apol-

152 3740 323 3820 lodorum],
356 3743 580 3818 Plutarchum,
609 3743 797 3818 Aristidem,
820 3743 1073 3817 Aristodemum,
1100 3742 1249 3819 Suidam,
1274 3745 1372 3819 Apos-

153 3839 286 3918 tolinm),
311 3858 393 3917 quos
414 3858 526 3900 omnes
548 3841 588 3899 ad
610 3841 827 3916 Thucydidem
850 3841 949 3900 1.132
971 3858 1135 3900 recurrere
1149 3843 1296 3917 constat,
1321 3859 1369 3917 ep.

152 3936 312 3997 exhibetur
334 3939 403 3998 sine
424 3939 611 3998 auctoritate
634 3939 807 3999 Simonidis
828 3941 925 4014 atque
944 3940 978 3998 in
1000 3941 1089 3998 textu
1110 3939 1237 3998 diverso
1259 3940 1370 4017 abeo,

152 4033 205 4106 qui
231 4035 344 4112 legitur
371 4037 434 4097 ΑΡ.
458 4038 511 4096 VI.
545 4036 602 4096 197
633 4037 806 4096 Simonidis
836 4039 964 4097 nomine
991 4038 1164 4114 insignitus
1195 4037 1289 4115 (trad.
1322 4036 1370 4115 S).

152 4129 232 4190 Fieri
246 4133 341 4210 igitur
356 4151 420 4194 non
435 4137 555 4211 potest,
580 4135 659 4210 quin
674 4135 766 4194 nisus
781 4137 951 4196 traditione
968 4136 988 4196 S
1006 4136 1183 4195 Pausanias
1201 4136 1373 4196 Simonidis

152 4244 264 4289 nornen
293 4234 369 4291 huic
399 4231 620 4308 epigrammati
652 4232 842 4293 attribuerit.
878 4235 961 4293 Eum
993 4236 1099 4293 autern
1130 4234 1216 4293 illam
1248 4252 1313 4293 non
1341 4236 1373 4292 in

153 4323 278 4402 Sylloge
303 4331 373 4405 ipsa
401 4330 579 4405 invenisse,
612 4331 667 4389 sed
694 4331 728 4388 in
754 4334 903 4407 excerpto
924 4333 992 4390 eius
1016 4332 1159 4390 Coronae
1180 4333 1375 4408 Meleagreae

107 4448 110 4454 ν
151 4420 241 4482 docet
266 4427 400 4487 alterum
428 4427 624 4502 epigramma
655 4426 838 4506 (Cyniscae)
868 4430 909 4489 ab
937 4446 974 4488 eo
1001 4432 1194 4505 respectum;
1224 4431 1310 4504 quod
1336 4448 1375 4488 ex

149 4521 259 4580 eadem
272 4525 451 4584 collectione
466 4525 654 4584 arcessItum
670 4513 741 4584 esse
755 4530 1006 4586 consentaneum
1018 4530 1074 4586 est.
1100 4527 1180 4586 Eius
1192 4545 1268 4588 vero
1280 4545 1374 4604 argu·

149 4623 290 4682 mentum
307 4624 370 4682 iarn
389 4626 495 4682 monet
513 4623 545 4681 id
563 4624 596 4681 in
617 4623 746 4700 Sylloge
766 4623 949 4684 Simonidea
968 4643 1032 4684 non
1048 4625 1190 4685 affuisse.
1216 4626 1374 4694 Quoniam

148 4714 324 4780 Pausanias
346 4722 516 4797 profitetur
537 4739 572 4781 se
593 4726 704 4797 poetae
725 4741 841 4782 nomen
862 4724 1013 4799 ignorare
1035 4721 1131 4801 (ὅστις
1151 4721 1221 4802 δή),
1246 4743 1376 4785 necesse

147 4815 195 4871 est
224 4832 296 4877 eum
323 4821 356 4879 in
385 4819 569 4880 collectione
596 4838 656 4879 sua
684 4821 859 4880 offendisse
886 4823 947 4881 hoc
967 4823 1164 4898 epigramma
1185 4823 1374 4898 insignitum

1259 4921 1275 4972 8
