3516 5712
749 470 806 530 137
1217 467 1237 547 g
1260 469 1389 528 sr-sr.

169 678 235 735 epp.
255 659 440 719 Simoniden
461 660 567 718 adsint
587 657 621 716 in
643 659 718 734 AP.,
742 675 825 732 quae
846 675 902 732 per
924 659 1103 732 temporum
1125 658 1298 717 decursum
1318 675 1392 716 auc-

169 759 242 843 toris
259 775 376 817 nomeu
395 757 559 817 amiserint
573 760 669 831 atque
683 756 761 816 adeo
775 757 871 815 aliam
885 756 1107 814 auctoritatem
1122 755 1308 830 asciverint,
1333 773 1392 814 nos

170 873 240 915 vero
258 855 403 932 fugiant,
428 873 501 914 cum
522 855 596 913 alibi
621 854 793 914 Simonidis
815 854 944 913 nomine
964 856 1077 912 ornata
1098 871 1161 912 non
1178 853 1389 928 reperiantur.

205 954 306 1022 Quam
337 954 436 1012 variis
464 953 652 1028 corruptelis
681 952 889 1027 Anthologiae
917 952 1081 1010 Palatinae
1104 951 1186 1010 tituli
1207 968 1264 1026 per
1287 951 1394 1010 varias

168 1052 311 1127 deinceps
343 1052 611 1128 epigrammatum
643 1051 840 1111 collectiones
872 1049 991 1108 fuerint
1021 1049 1170 1123 obnoxii,
1204 1066 1394 1108 enumerare

169 1167 250 1209 nunc
270 1149 467 1224 supersedeo
489 1147 542 1225 (ci.
565 1146 585 1225 ἕ
609 1146 695 1225 119);
718 1165 831 1206 moneo
848 1149 955 1206 tamen
973 1147 1006 1205 in
1028 1146 1218 1206 Simonideis
1236 1145 1392 1222 epigram·

169 1247 256 1306 matis
271 1247 464 1322 peculiarem
480 1247 692 1321 corruptelam
706 1263 746 1304 ex
757 1245 964 1304 similitudine
975 1245 1078 1302 nostri
1091 1239 1391 1321 (ΣΙΜΩΝΙΔΘΥ)

167 1348 196 1404 et
223 1345 383 1421 Antipatri
418 1344 539 1404 Sidonii
572 1339 832 1421 (ΣΙΔΩΝΙΟΥ)
864 1345 895 1402 et
928 1343 1078 1402 Simmiae
1111 1336 1391 1419 (ΣΙΜΙΜΗΟΥ)

168 1445 330 1502 nominum
352 1446 462 1503 natam
483 1442 639 1518 esse103).

204 1542 301 1601 Nobis
323 1542 424 1618 igitur
443 1541 526 1600 tituli
546 1541 590 1599 illi
615 1540 788 1600 Simonidei
807 1539 997 1599 vetustiores
1011 1556 1050 1597 ex
1067 1538 1195 1614 Sylloge
1211 1537 1394 1597 Simonides

168 1640 331 1716 propagati
353 1640 540 1699 secernendi
561 1641 677 1698 sunta
699 1637 943 1712 recentioribus,
968 1636 1086 1711 quibus
1108 1637 1141 1694 in
1164 1637 1235 1695 Gor.
1254 1635 1324 1693 Mel.
1344 1635 1394 1692 vel

166 1738 196 1795 in
223 1739 320 1797 Anth.
346 1738 444 1814 Ceph.
469 1738 519 1796 vel
547 1736 625 1795 adeo
653 1737 686 1795 in
715 1737 809 1794 Anth.
835 1736 900 1794 Pal.
925 1736 995 1810 ipsa
1023 1735 1130 1808 aliquo
1158 1749 1266 1793 errore
1291 1733 1393 1791 aliena

166 1854 232 1911 epp.
257 1839 337 1895 sunt
364 1837 487 1894 ornata.
522 1835 614 1894 Tales
643 1835 682 1893 ad
711 1835 820 1893 titulos
849 1834 1039 1892 vetustiores
1065 1836 1152 1892 certo
1176 1830 1393 1908 designandos

167 1935 315 1993 adhibere
336 1951 511 2009 possumus
533 1933 648 1992 indicia
670 1933 747 1992 haec
769 1933 843 2007 tria,
868 1931 907 1990 de
928 1948 1066 2006 quarum
1089 1930 1211 1998 ratione
1233 1927 1252 2007 ξ
1276 1929 1328 2004 98,
1353 1929 1393 1987 de

167 2050 302 2107 quorum
324 2051 388 2092 usu
413 2031 431 2110 ξ
454 2033 491 2092 99
505 2035 587 2106 sqq..
609 2031 860 2107 disputabimus:

203 2149 234 2190 a.
281 2128 431 2192 traditio
452 2129 480 2191 8
500 2130 756 2190 Simonideorum
777 2129 1057 2205 epigrammatum

204 2228 233 2288 b.
279 2227 422 2289 ordines
445 2228 618 2288 Simonidei
639 2227 773 2287 Palatini
780 2245 787 2300 ;

208 2344 233 2386 c.
279 2323 497 2387 incitationes
520 2325 720 2386 Simonideae
741 2325 931 2384 Mnasalcae.

206 2423 225 2500 6
255 2425 303 2484 83.
354 2422 580 2498 Quaestiones
605 2421 895 2500 praemittendae.
940 2422 1118 2496 Antequam
1149 2437 1223 2479 vero
1252 2420 1313 2478 illis
1341 2421 1394 2477 usi

166 2521 288 2582 indiciis
310 2524 352 2582 ad
374 2523 491 2582 rudera
514 2523 660 2599 Sylloges
684 2520 885 2581 Simonideae
905 2519 938 2578 in
960 2520 1054 2579 Anth.
1079 2519 1145 2577 Pal.
1167 2517 1300 2576 definire
1321 2535 1393 2591 pro-

167 2621 351 2695 grediamur
375 2619 410 2698 (ξ
429 2621 467 2680 98
486 2620 585 2696 sqq),
609 2619 812 2694 quaestiones
834 2617 991 2692 quaedam
1014 2616 1185 2676 solvendae
1206 2617 1282 2674 sunt
1303 2632 1393 2689 prae·

167 2718 320 2777 cedentes
346 2719 428 2776 Nam
450 2719 589 2793 primum
611 2717 825 2776 dirimendum
843 2718 905 2790 est,
930 2733 1008 2773 num
1026 2715 1108 2772 idem
1128 2715 1168 2772 sit
1186 2711 1394 2772 tribuendum

166 2815 301 2874 diversis
323 2816 452 2891 scribis,
477 2816 532 2890 qui
554 2815 585 2874 in
608 2815 676 2874 cod.
695 2815 794 2873 Palat.
816 2797 984 2872 auctorum
1002 2812 1110 2872 titulos
1125 2812 1393 2886 epigrammatum

166 2914 264 2972 textui
286 2913 506 2988 ascripserunt
529 2911 564 2992 (ἓ
587 2911 651 2990 85).
691 2913 810 2971 Deinde
831 2910 1063 2986 disputandum
1084 2912 1132 2968 est
1153 2909 1192 2967 de
1212 2909 1251 2967 iis
1273 2908 1391 2984 titulis,

167 3011 220 3084 qui
238 3010 423 3071 dubitanter
440 3010 655 3070 Simonideam
673 3010 938 3086 epigrammatum
954 3007 1158 3083 quorundam
1172 3007 1393 3066 auctoritatem

165 3111 324 3168 testantur
347 3107 383 3187 (ὅ
406 3109 444 3168 86
465 3107 564 3185 sqq),
589 3111 685 3183 atque
706 3109 745 3168 de
765 3108 804 3166 iis
826 3106 1079 3183 epigrammatis
1104 3123 1187 3180 quae
1201 3105 1251 3164 bis
1268 3107 1393 3179 recepta

167 3224 252 3266 nunc
275 3207 432 3268 Simonidi
454 3224 539 3266 nunc
561 3207 612 3265 alii
634 3209 744 3281 poetae
765 3207 975 3282 assignantur
998 3202 1032 3282 (ἓ
1056 3204 1094 3263 89
1117 3201 1216 3280 sqq).
1251 3203 1333 3260 Tum
1354 3202 1394 3261 de

166 3303 286 3363 ambitu
307 3305 517 3380 Anthologiae
539 3303 739 3379 Cephalanae
760 3305 819 3363 erit
841 3303 1014 3362 videndum
1036 3302 1102 3377 vel,
1127 3300 1213 3376 quod
1230 3302 1263 3361 in
1282 3303 1392 3359 nostra

167 3403 351 3475 quaestione
386 3402 496 3460 eodem
531 3403 632 3476 redit,
673 3401 872 3477 rogandum,
911 3418 989 3458 num
1026 3399 1213 3476 Anthologia
1249 3399 1393 3457 Palatina

167 3500 324 3559 contineat
363 3500 591 3576 epigrammata
632 3499 833 3574 Simonides,
875 3516 958 3573 quae
996 3516 1060 3557 uon
1099 3499 1215 3556 hausta
1253 3497 1316 3554 sint
1354 3514 1393 3556 ex

166 3598 355 3674 Anthologia
378 3598 559 3672 Cephalana
583 3596 618 3675 (ᾖ
641 3598 678 3657 sl
701 3596 778 3672 sq).
804 3597 946 3671 Denique
967 3597 1195 3671 inquirendum
1215 3595 1288 3670 erit,
1313 3612 1392 3653 num

167 3699 290 3769 praeter
324 3696 475 3773 Syllogen
510 3696 724 3756 Simonideam
757 3695 838 3754 alius
869 3711 998 3768 quoque
1028 3695 1100 3752 icas
1126 3693 1392 3768 epigrammatum

170 3792 424 3854 Simonideorum
446 3796 573 3869 praesto
594 3795 690 3852 luerit
712 3793 870 3868 Meleagro
893 3790 928 3869 (ᾖ
951 3790 1021 3868 96),
1051 3809 1128 3850 num
1151 3792 1275 3866 praeter
1297 3790 1392 3850 Coro-

168 3909 240 3951 nam
261 3893 473 3968 Meleagream
495 3893 652 3967 Cephalae
675 3890 709 3969 (ἓ
732 3889 795 3967 97).

209 3988 227 4066 ἓ
248 3992 298 4050 84.
342 3989 530 4068 Catalopns
548 3989 842 4068 epigrammatum
860 3987 1144 4050 Simonideorum
1161 3985 1199 4046 in
1214 3984 1283 4045 ΑΡ.
1302 3984 1392 4045 obni-

201 4194 245 4260 103)
280 4197 423 4260 Antipatri
445 4197 553 4248 Sidonii
579 4201 669 4262 procul
696 4198 775 4248 dubia
802 4213 859 4247 esse
886 4198 952 4247 mihi
976 4198 1099 4246 videntur
1122 4212 1161 4261 ep.
1186 4195 1235 4246 llll
1258 4195 1319 4258 (AP.
1338 4196 1393 4246 Vll.

168 4278 217 4328 311
232 4297 249 4330 a
269 4290 297 4332 1-
318 4282 346 4343 6,
370 4282 420 4331 vid.
443 4280 456 4344 ἓ
479 4281 537 4345 99),
561 4284 784 4347 epigrammatum
808 4298 855 4345 par
877 4282 926 4331 151
943 4288 971 4332 et
988 4282 1037 4331 156
1055 4280 1139 4343 (Plan.
1158 4283 1211 4331 1112.
1229 4280 1283 4330 9.1
1304 4296 1342 4344 sq.
1363 4297 1392 4324 =

169 4378 225 4426 app.
240 4366 316 4415 Plan.
334 4363 367 4414 93
384 4364 448 4430 sq),
466 4381 505 4429 ep.
526 4366 573 4416 190
591 4367 653 4429 (ΑΡ.
669 4368 724 4416 Vll.
742 4367 806 4430 511,
824 4369 856 4417 cf.
875 4367 887 4429 ἕ
906 4366 980 4430 199);
999 4367 1168 4431 probabiliter
1180 4383 1236 4430 epp.
1249 4364 1312 4428 189,
1329 4364 1395 4428 183,

169 4446 229 4512 181,
251 4449 300 4499 187
324 4449 386 4510 (AP.
404 4451 457 4528 Vll.
475 4450 521 4514 90,
539 4450 586 4514 91,
603 4451 643 4501 95.
668 4453 737 4501 11111.
755 4451 807 4508 11).
834 4451 968 4502 Simmiae
986 4458 1090 4516 praeter
1107 4468 1146 4515 ep.
1164 4451 1302 4500 1161111111
1321 4451 1394 4500 dubii

170 4528 321 4595 Σιμωνίδου
338 4531 366 4582 οἱ
381 4530 410 4583 δὲ
427 4529 545 4598 Σιμμίου
564 4537 625 4597 (AP.
644 4537 697 4585 Vll.
715 4535 779 4599 617,
797 4537 829 4585 cf.
848 4536 860 4598 ἓ
878 4535 922 4597 88)
940 4553 979 4600 ep.
998 4535 1059 4600 130,
1083 4537 1153 4600 quod
1171 4537 1239 4600 apud
1260 4537 1393 4585 Pollucem

171 4631 202 4664 ex
223 4617 324 4667 Corona
346 4623 480 4668 servatum
504 4624 545 4669 est
568 4619 593 4682 (ξ
610 4619 668 4683 67),
692 4621 719 4669 in
744 4635 798 4684 qua
822 4621 930 4670 nomina
954 4627 1090 4684 [coeterum
1115 4622 1167 4670 iam
1185 4621 1296 4670 contusa
1312 4621 1394 4670 luisse

171 4701 298 4751 videntur.
325 4703 361 4752 De
385 4704 505 4752 omnium
530 4705 625 4754 horum
650 4707 873 4768 epigrammatum
898 4707 1056 4755 anctoritate
1081 4711 1214 4768 praeterea
1238 4704 1287 4752 trid.
1312 4705 1394 4754 liuius

171 4787 398 4836 commentationis
415 4790 498 4836 altera
516 4803 582 4850 pars.
