3516 5712
779 540 832 600 101
1244 541 1341 620 sss,
1366 544 1414 604 aa.
1476 625 1479 631 Ι

192 729 226 785 ut
246 726 424 785 doctrinam
445 743 536 785 suam
559 726 598 785 de
619 727 752 785 somniis
772 727 985 801 illustrarent;
1009 727 1117 788 Cicero
1138 729 1207 804 ipse
1227 731 1363 789 testatur
1385 749 1419 790 se

191 842 229 882 ex
245 823 351 883 Stoica
367 824 537 899 scriptione
551 825 766 884 narrationem
782 827 942 902 accepisse
958 825 1050 902 t‘itla
1065 825 1136 887 duo
1150 825 1306 904 sommia,
1330 846 1420 906 qaae

192 919 392 982 creberrima
419 925 734 984 commemorantur
762 941 785 984 a
811 922 994 1001 Stoicis,
1031 923 1110 1002 quis
1139 925 1280 987 tamdem
1303 925 1419 1004 possit

191 1019 428 1080 contemmere?
450 1038 580 1081 amam
602 1020 644 1082 de
665 1019 913 1083 Simonide:
936 1021 998 1100 qai
1019 1041 1096 1084 cam
1117 1023 1189 1085 eto.’
1206 1025 1270 1084 vid.
1289 1025 1414 1101 supra).

190 1120 298 1193 Neque
326 1119 473 1178 dubitare
499 1137 690 1196 possumne,
724 1121 802 1196 quin
831 1122 1048 1210 ChrysippuS,
1079 1123 1136 1198 qui
1163 1119 1234 1199 περὶ
1262 1121 1418 1184 ἐνυπνίων

190 1217 306 1276 librum
328 1219 531 1294 conscripsit,
556 1219 616 1278 hac
636 1219 746 1278 fabula
770 1219 908 1279 Stoicam
930 1220 969 1279 de
991 1221 1123 1280 somniis
1145 1221 1322 1281 doctrinam
1344 1239 1417 1280 oon·

190 1316 366 1375 firmaverit
376 1314 427 1400 28).
462 1317 545 1374 Tuto
571 1315 671 1391 igitur
698 1317 849 1376 constitui
877 1319 980 1392 potest
1006 1317 1148 1378 fabulam
1176 1318 1216 1376 de
1244 1317 1417 1378 Simonidis

190 1414 313 1473 somnio
339 1432 412 1474 cum
433 1415 661 1490 epigrammate
682 1416 901 1491 coniunctam,
930 1433 1027 1491 quam
1052 1415 1202 1475 Scholion
1222 1415 1417 1474 Aristideum

190 1513 341 1588 continet,
367 1513 408 1571 ad
425 1512 547 1572 Stoicos
561 1512 699 1587 denique
713 1512 884 1587 scriptores
900 1513 1100 1572 referendam
1115 1530 1195 1572 esse.
1222 1513 1275 1573 Sic
1289 1531 1418 1589 quoque

190 1613 293 1669 textus
315 1610 546 1686 discrepantia,
576 1612 727 1685 quaeest
748 1611 831 1669 inter
854 1610 1003 1670 Scholion
1024 1613 1055 1669 et
1076 1611 1151 1686 AP.,
1175 1612 1417 1687 explicationem

190 1709 292 1768 habet.
314 1708 564 1784 Epigrammatis
577 1709 662 1767 enim
677 1710 794 1785 textus,
812 1710 898 1783 quod
913 1726 970 1784 per
984 1708 1096 1768 crebra
1106 1708 1285 1769 Stoicorum
1297 1711 1416 1786 scripta

189 1807 350 1866 ferebatur
371 1807 688 1883 propagabaturque,
713 1806 804 1866 facile
824 1807 927 1866 labem
950 1807 1138 1866 contrahere
1158 1807 1260 1882 potuit
1277 1802 1416 1883 (οὗτοςὸ

190 1901 283 1964 Κείου
312 1923 371 1980 pro
399 1899 491 1971 οὗτος
519 1902 537 1964 ὁ
565 1907 619 1964 τοῦ
651 1901 771 1974 Κείοιο,
799 1901 991 1982 Σιμωνίδεω
1013 1922 1072 1979 pro
1093 1901 1295 1981 Σιμωνίδου,
1323 1905 1417 1975 ζῶντι

188 2001 325 2082 παρέσχε
346 2021 405 2078 pro
426 2000 517 2073 ζῶντ’
542 1983 720 2078 datiane),
744 2003 904 2078 integrum
924 2004 1030 2061 autem
1048 2005 1169 2061 textum
1191 2004 1331 2062 servavit
1349 2004 1412 2062 ΑΡ.

189 2119 226 2159 ex
242 2101 388 2177 Sylloge,
412 2101 445 2159 in
458 2118 555 2176 quam
571 2101 776 2160 collectorem
791 2101 988 2176 epigramma
1004 2100 1161 2175 recepisse
1175 2100 1339 2175 probabile
1353 2104 1411 2161 est.

228 2197 248 2276 ἕ
277 2198 326 2259 59.
372 2197 424 2259 Da
450 2198 545 2258 toate
572 2200 678 2275 atqua
697 2196 821 2259 tarmis
842 2197 1108 2277 epigrammatis
1130 2197 1188 2258 90.
1227 2198 1411 2274 Inquisitio,

188 2313 328 2370 quonam
353 2314 393 2355 ex
413 2296 501 2355 fonte
524 2295 701 2356 Scholiasta
723 2313 771 2371 ep.
797 2296 835 2356 90
856 2297 1014 2372 hauserit,
1038 2300 1128 2356 extra
1149 2297 1248 2376 huius
1271 2297 1414 2372 disputa-

188 2396 281 2454 tionis
302 2394 385 2454 fines
406 2394 482 2470 poni
499 2395 661 2470 potuerat,
685 2394 837 2469 quoniam
856 2412 959 2470 neque
976 2395 1063 2470 apud
1084 2394 1294 2454 Scholiastam
1311 2412 1415 2469 neque

188 2494 260 2554 alibi
290 2492 344 2572 (cf.
372 2492 415 2572 ἕξ
438 2494 493 2570 44,
525 2493 576 2571 55)
600 2494 798 2569 epigramma
823 2493 995 2553 Simonidis
1018 2494 1146 2552 nomine
1167 2495 1317 2552 ornatum
1339 2493 1413 2569 legi-

187 2596 248 2651 tur.
282 2593 447 2668 Attamen,
481 2609 554 2652 cum
586 2592 683 2650 huius
715 2592 972 2668 epigrammatis,
1009 2592 1095 2666 quod
1127 2591 1213 2667 apud
1244 2591 1414 2650 Aristidem

186 2691 292 2766 ipsum
327 2691 360 2749 in
395 2694 485 2750 textu
519 2708 537 2749 a
568 2690 745 2750 Scholiasta
770 2691 964 2765 discrepanti
992 2690 1161 2765 laudatur,
1196 2689 1292 2748 fontis
1318 2692 1415 2764 atque

186 2788 366 2848 traditionis
394 2789 597 2866 investigatio
625 2789 824 2850 occasionem
846 2789 938 2848 nobis
959 2780 1036 2848 dare
1057 2789 1158 2864 possit
1180 2787 1410 2864 constituendi,

186 2905 267 2960 quae
294 2887 336 2946 sit
363 2891 394 2946 et
421 2888 517 2947 huius
543 2889 573 2947 et
601 2891 778 2947 ceterorum
806 2887 1076 2963 epigrammatum
1104 2887 1137 2944 in
1165 2887 1234 2946 loco
1255 2886 1414 2945 Aristideo

186 2985 344 3060 condicio,
380 2985 491 3044 Hilleri
519 2985 845 3062 argumentationem,
880 3003 944 3060 qua
972 2985 1239 3060 epigrammatum
1269 2984 1413 3060 syllogen

188 3081 271 3158 (Mel.
298 3080 389 3158 Cor.)
421 3082 618 3142 Scholiastae
636 3084 698 3143 hoo
719 3083 914 3159 epigramma
936 3082 1124 3158 praebuisse
1144 3081 1272 3141 efficere
1292 3081 1410 3158 voluit,

186 3181 327 3240 refellere
353 3181 502 3257 conabor,
534 3185 630 3256 atque
652 3182 747 3240 simul
768 3181 931 3257 indicab0,
962 3198 1027 3255 quo
1048 3198 1088 3240 ex
1107 3180 1196 3239 fonte
1216 3179 1413 3255 epigramma

185 3279 319 3338 fluxisse
340 3279 496 3339 videatur.

224 3378 326 3436 Hiller
347 3379 375 3437 ei
397 3378 442 3436 rei
464 3396 529 3437 non
551 3382 708 3453 quantum
730 3396 789 3454 par
810 3379 878 3438 erat
899 3377 1052 3437 tribuisse
1068 3377 1146 3435 mihi
1165 3375 1301 3450 videtur,
1326 3375 1412 3451 quod

185 3474 381 3554 epigramma
395 3475 428 3532 in
443 3492 509 3534 uno
523 3477 659 3551 tantum,
677 3476 784 3551 quoad
799 3476 949 3551 sciamus,
969 3474 1169 3534 Scholiorum
1181 3473 1412 3531 Aristideorum

185 3573 289 3632 codice
319 3571 435 3649 (Paris.
462 3575 497 3633 D.
522 3592 572 3649 ap.
597 3574 823 3633 Frommelium
851 3592 882 3649 p.
906 3572 979 3650 289)
1009 3574 1111 3648 extat,
1141 3573 1229 3630 deest
1251 3572 1358 3630 autem
1379 3571 1411 3629 in

185 3673 337 3743 quattuor
364 3672 541 3748 primariis,
573 3690 655 3747 quos
684 3673 768 3732 solos
797 3673 938 3732 excussit
965 3671 1100 3730 Dindorf
1122 3669 1184 3746 (A,
1210 3670 1259 3744 Β.,
1285 3669 1333 3744 (t,
1359 3670 1408 3745 D.,

185 3769 239 3841 qui
268 3769 422 3828 dicuntur
453 3771 539 3846 apud
567 3772 706 3830 Fromm.
736 3771 808 3830 Par.
840 3771 895 3846 A.,
918 3759 1002 3829 Par.
1033 3770 1089 3845 Β.,
1124 3767 1236 3826 Bomb.
1265 3767 1408 3842 Monac,

185 3865 300 3943 Apogr.
326 3867 479 3945 Monac).
510 3869 557 3928 Ea
585 3886 637 3928 res
666 3886 801 3944 arguere
828 3868 906 3926 mihi
934 3868 1061 3926 videtur
1088 3867 1149 3925 hoc
1176 3863 1317 3925 scholion
1346 3881 1410 3922 non

185 3965 224 4023 ad
261 3965 462 4025 Scholiorum
492 3966 723 4025 Aristideorum
754 3967 963 4042 archetypum
996 3981 1176 4039 recurrere,
1216 3962 1272 4022 sed
1303 3961 1411 4021 deberi

188 4061 383 4122 Scholiastae
404 4065 585 4141 recentiori,
610 4066 660 4124 vel
681 4068 764 4124 certe
785 4082 850 4123 non
871 4065 989 4140 eidem,
1013 4080 1108 4138 quern
1132 4060 1314 4121 Simonidea
1336 4077 1407 4135 epp.

186 4177 223 4218 ex
243 4162 369 4221 Corona
391 4162 462 4221 Mel.
487 4163 692 4223 arcessivisse
713 4163 851 4221 vidimus
872 4160 923 4239 29).

217 4425 252 4490 25)
285 4427 323 4477 Gt.
349 4428 441 4478 Arnim
464 4429 542 4480 Stoic.
561 4430 617 4480 Vct.
639 4431 679 4480 Fr.
698 4430 720 4478 ll
744 4445 769 4479 n.
787 4428 860 4478 1200.
888 4429 1009 4478 Alterum
1028 4424 1143 4478 ‘charam
1160 4425 1316 4489 somaiurrr’,
1340 4424 1410 4489 quod

188 4513 306 4576 sequenti
330 4515 499 4577 paragrapho*
514 4520 621 4564 enarrat
644 4513 747 4578 Cicero,
770 4529 802 4563 cx
824 4515 878 4577 ipso
898 4513 1052 4575 Chrysippo
1070 4513 1196 4562 laudatur
1213 4511 1281 4575 apud
1300 4510 1410 4560 Suidarn

188 4609 209 4645 v.
226 4600 403 4660 τιμωροῦντος
421 4597 525 4659 (Arnim
545 4616 570 4650 n.
587 4599 654 4649 1204
671 4599 730 4664 sq).

217 4679 251 4743 29)
286 4682 339 4732 Ηοο
365 4683 446 4732 etiam
472 4685 565 4734 scholii
590 4686 672 4748 ipsius
697 4686 798 4735 indoles
824 4699 930 4734 rnonere
957 4683 1070 4733 videtur.-
1105 4683 1254 4745 Ascriptum
1282 4687 1338 4745 cst,
1366 4681 1410 4730 ubr

189 4765 311 4817 Aristides
333 4768 360 4817 in
384 4784 421 4818 or.
445 4770 476 4818 de
500 4769 534 4818 lV
558 4771 619 4820 viris
643 4773 674 4821 dc
701 4772 797 4820 Pericle
815 4771 942 4819 disserere
961 4769 1065 4832 incipit:
1090 4764 1241 4831 ἐπίγραμμα
1258 4763 1294 4820 εἶς
1313 4763 1411 4829 στήλην

189 4845 359 4913 Περικλέους·
385 4859 537 4917 sequuntur
560 4854 722 4905 Christodori
744 4856 866 4918 Ecplrras.
884 4854 947 4915 (ΑΡ.
966 4853 1001 4914 ll)
1019 4869 1041 4903 v.
1059 4852 1176 4902 lli-‘20
1195 4850 1238 4914 [cf.
1256 4851 1414 4902 Sterubaclr.
