3516 5712
157 687 211 766 qui
238 689 273 750 in
301 688 474 766 exemplari
502 687 554 750 illo
583 691 724 751 adhibito
752 693 784 750 in
813 692 970 767 cuiusque
990 691 1126 768 paginae
1147 691 1249 768 capite
1269 695 1385 770 legere·

157 794 223 864 tur,
248 791 294 848 tot
315 790 416 848 lineas
438 807 496 864 pro
517 791 746 865 epigrammate
767 807 895 864 quoque
916 791 1076 849 eliminato
1098 809 1217 850 vacuas
1239 793 1382 868 reliquit,

158 892 233 962 quot
261 905 376 946 versus
403 888 684 962 complectebatur;
714 905 771 946 nec
792 904 868 945 vero
890 887 950 946 hoc
970 888 1043 946 iecit
1064 906 1101 946 eo
1122 889 1206 964 loce,
1238 908 1302 964 quo
1322 892 1385 966 epi-

157 1004 301 1061 gramma
323 986 550 1044 transmissum
573 986 757 1060 ponendum
779 987 862 1060 erat,
892 985 948 1044 sed
969 987 1135 1045 antaeum
1158 1005 1305 1063 versum,
1331 989 1386 1063 qui

157 1085 280 1158 primus
311 1085 396 1142 esset
426 1083 459 1141 in
492 1101 575 1142 nova
607 1083 734 1158 pagina.
772 1082 843 1150 Quo
874 1083 1014 1158 factum,
1049 1085 1084 1142 ut
1115 1085 1229 1144 lacuna
1261 1103 1386 1160 semper

156 1185 315 1240 extremas
346 1181 482 1256 paginae
512 1181 612 1239 lineas
644 1183 828 1256 occuparet,
864 1198 968 1254 neque
999 1182 1103 1239 solum
1134 1200 1198 1241 non
1232 1201 1291 1242 suo
1318 1184 1386 1242 loco

157 1282 370 1354 compareret,
403 1279 458 1336 sed
484 1279 563 1337 adeo
588 1279 621 1337 in
647 1279 787 1336 medium
808 1279 1003 1354 epigramma
1025 1279 1174 1337 devenire
1195 1282 1311 1354 posset.
1346 1281 1384 1338 In

157 1376 385 1450 manuscriptis
408 1375 652 1451 recentioribuS,
677 1393 814 1450 quorum
838 1376 974 1451 paginae
994 1376 1103 1450 plures
1125 1394 1221 1450 quam
1241 1378 1283 1435 illi
1303 1379 1385 1436 codi-

154 1491 206 1532 ces
236 1490 353 1532 versus
380 1473 662 1549 amplectebantur,
693 1474 827 1532 lacunae
854 1490 919 1531 non
947 1474 1008 1531 iam
1035 1474 1067 1531 in
1089 1474 1281 1549 paginarum
1303 1477 1386 1534 calce

156 1574 245 1630 erant
267 1588 373 1644 neque
394 1587 489 1628 suum
510 1571 667 1630 linearum
688 1571 843 1630 ambitum
866 1571 1055 1646 servabant,
1087 1573 1205 1647 quippe
1226 1574 1385 1632 nescirent

156 1669 315 1744 homineS,
334 1686 550 1742 quorumnam
564 1669 830 1744 epigrammatum
846 1669 1062 1744 neglectorum
1073 1686 1129 1729 eae
1139 1674 1245 1728 essent
1256 1671 1381 1731 indicia.

157 1767 263 1824 Huius
290 1766 483 1841 suspicionis
505 1767 660 1825 rationem
680 1767 852 1825 lectoribus
875 1784 925 1824 me
947 1767 1157 1840 probaturum
1178 1785 1273 1842 posse
1294 1772 1381 1843 puto.

198 1864 231 1923 Si
252 1882 306 1939 ea,
337 1881 421 1938 quae
441 1863 523 1938 dixi,
548 1868 617 1923 rata
639 1867 731 1939 sunt,
757 1868 886 1922 necesse
906 1866 954 1922 est
976 1881 1122 1940 versum,
1147 1865 1203 1938 qui
1224 1883 1385 1940 quamque

156 1962 188 2019 in
209 1962 271 2020 ΑΡ.
293 1962 442 2020 lacunam
466 1962 619 2035 sequatur
642 1960 691 2037 (V.
712 1961 785 2036 4,3;
808 1962 861 2019 VI.
885 1961 996 2036 126,1;
1021 1962 1088 2037 144,
1103 1963 1132 2034 l;
1157 1960 1286 2038 158,1),
1312 1981 1384 2022 cum

157 2060 188 2117 in
203 2060 307 2134 primo
323 2059 429 2117 codice
443 2062 511 2117 tum
526 2059 558 2116 in
575 2060 714 2118 secundo
727 2057 882 2133 scripturn
893 2060 994 2117 fuisse
1004 2060 1037 2117 in
1050 2077 1140 2118 noca
1150 2061 1277 2135 pagina.
1304 2061 1384 2120 Cum

157 2160 260 2215 autem
290 2158 374 2216 inter
403 2173 517 2215 versus
547 2157 598 2215 VI.
629 2156 717 2232 126,1
741 2159 770 2215 et
794 2158 882 2233 i44‚l
905 2159 1102 2217 intercedant
1122 2161 1248 2218 tantum
1269 2177 1385 2218 versus

157 2254 195 2313 66
227 2252 995 2331 (6)-6><4)-2-)-4(-8><2(-4),
1034 2256 1199 2331 probabile
1229 2260 1277 2316 est
1308 2258 1385 2316 haec

157 2354 387 2429 epigrammata
419 2351 562 2410 extitisse
589 2352 621 2410 in
650 2351 931 2429 subsequentiam
959 2354 1107 2412 foliorum
1136 2355 1262 2429 paginis
1291 2355 1384 2414 rectis

159 2451 225 2510 sive
252 2451 367 2509 versis.
404 2449 557 2525 Singulae
584 2451 711 2509 illorum
740 2452 883 2510 codicum
906 2452 1041 2526 paginae
1061 2453 1159 2527 igitur
1181 2452 1385 2510 continebant

158 2565 270 2607 versus
295 2546 348 2624 (56
369 2544 409 2622 ³5
430 2548 448 2605 2
473 2545 529 2623 [sc.
551 2565 600 2622 ep.
622 2548 712 2608 XIII.
733 2547 781 2625 4])
806 2567 813 2608 :
835 2550 853 2607 2
875 2575 914 2598 =
935 2550 983 2608 29.
1016 2551 1056 2608 Et
1078 2567 1188 2608 revera
1211 2567 1324 2608 versus
1346 2551 1381 2609 V.

157 2645 190 2720 4,
222 2645 239 2704 3
267 2646 393 2720 primus
422 2645 523 2702 fuisse
551 2645 676 2704 videtur
698 2646 729 2704 in
753 2647 850 2705 altera
873 2647 988 2705 codicis
1010 2649 1144 2722 pagina,
1176 2648 1278 2723 prima
1300 2649 1384 2707 enim

157 2743 423 2818 complectebatur
454 2742 581 2801 titulum
613 2743 685 2802 libri
715 2742 761 2820 (1)
791 2742 829 2820 -t
857 2745 1054 2819 prooemium
1084 2746 1241 2820 Cephalae
1270 2744 1315 2822 (3)
1346 2746 1386 2822 -(-

157 2858 225 2915 epp.
243 2843 279 2900 V.
303 2840 380 2899 1—3
405 2839 436 2916 (3
460 2841 495 2915 ><
518 2839 550 2917 6)
574 2840 614 2916 -(-
634 2859 682 2916 ep.
700 2842 735 2900 V.
756 2844 792 2917 4,
823 2842 900 2901 1-2
923 2840 969 2918 (2)
993 2841 1032 2918 l·
1053 2861 1101 2918 ep.
1123 2843 1213 2902 XIII.
1236 2843 1251 2901 1
1276 2842 1322 2919 (5)
1346 2869 1386 2892 =

158 2956 269 2997 versus
299 2938 348 2996 29.
383 2939 496 2997 Moneo
523 2940 556 2996 in
586 2940 691 2998 codice
716 2941 859 2999 Palatino
882 2940 1018 3016 singulis
1039 2942 1165 3016 paginis
1186 2941 1248 3017 legi
1270 2959 1385 3001 versus

157 3035 283 3095 33-35.

196 3134 287 3192 Nunc
319 3133 502 3209 videamus,
538 3139 618 3211 quot
649 3136 796 3194 versibus
829 3139 943 3210 quarta
975 3137 1090 3195 lacuna
1124 3135 1211 3212 (post
1231 3138 1285 3196 VI.
1312 3136 1383 3213 157)

157 3231 267 3290 abesse
296 3232 442 3290 videatur
471 3233 511 3290 ab
540 3250 596 3306 ea,
631 3250 714 3307 quae
741 3236 789 3292 est
817 3236 889 3308 post
917 3234 969 3292 VI.
999 3234 1071 3293 143:
1105 3235 1183 3310 4-Ι-
1206 3236 1224 3293 2
1247 3234 1284 3311 l
1306 3236 1324 3293 4
1348 3235 1383 3310 ><

156 3327 873 3406 4)2-)-3><4,)-8)6)-2><4
905 3357 945 3380 --
977 3331 1033 3390 58.
1079 3333 1192 3391 Nonne
1230 3350 1384 3391 numerus

157 3427 234 3485 mire
254 3426 428 3486 convenit?
452 3429 565 3502 Itaque
586 3445 634 3502 ep.
652 3429 705 3487 VI.
716 3429 785 3505 ,158
807 3429 935 3487 duabus
955 3431 1083 3506 pagInis
1104 3432 1176 3505 post
1198 3448 1246 3504 ep.
1258 3431 1311 3489 VI.
1328 3431 1384 3488 144

156 3526 186 3580 et
213 3528 365 3598 quattuor
393 3526 465 3599 post
493 3543 541 3600 ep.
568 3525 619 3583 Vl.
650 3526 706 3584 126
734 3527 767 3584 in
795 3544 878 3585 nova
907 3528 1024 3602 pagina
1054 3529 1207 3602 scriptum
1234 3530 1311 3589 erat.
1346 3529 1385 3587 At

156 3637 309 3681 versuum
328 3639 486 3681 summam
507 3641 572 3681 non
592 3623 646 3697 58,
672 3624 728 3681 sed
746 3623 783 3682 56
801 3628 1044 3700 expectaveras,
1070 3643 1144 3684 nam
1161 3626 1195 3683 in
1212 3627 1384 3701 archetypo

155 3718 285 3794 insuper
306 3721 472 3795 legebatur
493 3739 542 3794 ep.
566 3719 718 3779 duorum
740 3738 894 3780 versuum
917 3724 1006 3781 XIII.
1030 3725 1057 3782 7.
1099 3724 1212 3796 Itaque
1232 3727 1304 3798 post
1325 3723 1384 3782 hoc

155 3815 350 3890 epigramma
379 3818 548 3876 dimissum
577 3819 634 3875 uni
656 3819 787 3877 alterive
808 3819 1030 3894 epigrammati
1052 3820 1123 3879 duo
1144 3838 1259 3878 versus
1281 3837 1384 3878 acces·

156 3917 275 3973 serunt.
302 3915 360 3973 Oui
376 3914 620 3992 epigrammati?
644 3914 779 3976 Scilicet
794 3915 1043 3993 epigrammati
1055 3915 1229 3977 Leocratis
1243 3916 1293 3977 VI.
1308 3915 1380 3992 144,

155 4010 246 4070 cuius
274 4014 410 4072 alterum
437 4013 595 4071 distichon
624 4015 795 4073 insiticium
825 4019 936 4074 auctor
962 4016 1178 4090 inscriptionis
1200 4016 1384 4091 choregieae

119 4167 122 4172 a
154 4111 265 4168 aetatis
284 4112 447 4169 Romanae
464 4111 609 4169 nondum
627 4113 731 4187 novit,
757 4114 846 4171 novit
867 4113 994 4173 Suidas.
1021 4115 1090 4172 Hac
1107 4113 1244 4187 denique
1262 4114 1385 4171 ratione

154 4206 445 4267 demonstravimus
470 4209 744 4282 interpolationem
767 4211 898 4269 alterius
920 4212 1045 4270 distichi
1067 4211 1305 4287 epigrammatis
1327 4211 1380 4270 VI.

155 4303 216 4361 144
234 4331 273 4354 =
293 4304 367 4364 213·
391 4306 528 4380 Cephala
551 4323 622 4364 esse
642 4307 849 4381 posteriorem
870 4308 935 4385 132).

188 4551 236 4614 132)
270 4556 401 4613 Quattuor
423 4558 530 4606 illorum
554 4559 776 4621 epigrammatum
800 4560 947 4608 eliminatio
971 4576 1023 4609 non
1044 4561 1204 4623 conspicitur
1221 4561 1247 4608 in
1266 4559 1385 4608 numeris

153 4639 339 4702 epigrammati
365 4642 466 4690 decimo
493 4643 590 4706 cuique
616 4643 743 4693 librorum
770 4645 857 4707 quinti
884 4649 912 4692 et
937 4646 1003 4693 sexti
1032 4645 1155 4708 appositis
1178 4643 1222 4706 (cf.
1241 4644 1383 4694 Stadtm.l

154 4739 179 4786 p.
199 4721 248 4772 223
270 4731 296 4774 et
313 4725 387 4788 449);
411 4728 438 4775 iu
456 4729 569 4790 septimo
588 4744 648 4778 vero
666 4729 732 4778 libro
751 4731 913 4778 calculorum
931 4731 1113 4778 confusionem
1132 4745 1333 4794 nonnumquam
1353 4744 1384 4778 ex

153 4807 344 4872 epigrammate
367 4811 457 4875 aliquo
481 4818 583 4862 remoto
607 4815 731 4878 explicari
749 4829 823 4877 posse
842 4814 933 4863 monui
951 4811 964 4875 ἓ
981 4812 1021 4862 94.
1050 4814 1118 4864 Haec
1137 4830 1179 4865 res
1197 4817 1306 4865 fortasse
1323 4815 1384 4864 inde

1252 4898 1282 4949 11
