3546 5724
401 507 475 581 cap.
501 507 526 564 1.
995 508 1030 566 ιι

399 694 523 753 abesset
555 694 747 769 periculum,
782 712 822 753 ne
853 698 1067 770 praegnanter
1098 695 1366 771 intellegerentur.
1403 696 1558 764 Quocirca
1585 714 1620 755 ex

398 791 592 850 locutionum
624 792 753 867 proprio
784 810 882 851 sensu
914 793 1018 852 elicuit
1050 810 1251 852 communem
1283 793 1442 853 notionem
1472 792 1622 854 ornandi

398 888 547 963 deditque
574 887 754 966 ἐπικοσμεῖν
780 912 843 948 τινιι
866 888 960 969 στήλῃ
982 909 1041 966 pro
1063 889 1241 952 ἀνατιθέναι
1265 889 1412 970 (ἱστάναι)
1435 889 1490 950 τινὶ
1512 889 1621 969 στήλην

398 990 428 1045 et
466 985 646 1064 ἐπικοσμεῖν
681 1009 745 1046 τινιι
782 985 992 1066 ἐπιγράμματι
1027 1007 1085 1064 pro
1120 986 1304 1066 ἐπιγράφειν
1339 987 1393 1048 τινῖ
1428 987 1617 1066 ἐπίγραμμα.

401 1086 491 1144 llane
522 1086 620 1162 igitur
650 1086 785 1160 adeptus
816 1090 865 1145 est
896 1088 1099 1146 sententiam:
1129 1086 1356 1166 Ἁμφικτύονές
1385 1086 1443 1146 εἰσί
1469 1109 1568 1164 σφεας
1594 1086 1622 1146 oi

398 1181 663 1260 ἐπικοσμήσαντες
688 1181 817 1262 οτήλῃσί
839 1205 870 1242 τε
895 1182 949 1242 καὶ
973 1181 1187 1262 ἐπιγράμμασι
1213 1185 1289 1255 ἔξω
1318 1185 1337 1264 ἢ
1366 1182 1407 1244 τὸ
1435 1188 1502 1244 τοῦ
1531 1182 1620 1261 μάν-

398 1302 480 1347 τιος
511 1279 747 1359 ἐπίγραμμα
779 1279 843 1342 κτλ.
888 1283 1097 1342 Accusativus
1129 1281 1163 1342 τὸ
1195 1287 1250 1343 τοῦ
1281 1281 1409 1360 μάντιος
1441 1280 1621 1359 ἐπίγραμμα

397 1382 469 1453 post
490 1378 553 1449 ἐξω
577 1379 605 1457 ἢ,
630 1381 684 1454 qui
707 1380 855 1455 primitus
876 1381 1034 1455 pendebat
1055 1400 1073 1441 a
1093 1383 1190 1441 verbo
1209 1379 1401 1459 ἐπιγράφειν,
1427 1398 1620 1455 quamquam

398 1478 485 1552 prior
520 1479 694 1537 sententiae
729 1496 804 1554 pars
840 1483 960 1538 mutata
996 1483 1043 1538 est
1074 1482 1105 1539 et
1136 1481 1269 1539 verbum
1302 1476 1486 1556 ἐπιγράφειν
1517 1478 1621 1553 ipsum

397 1575 546 1651 evanuit,
581 1577 703 1652 integer
734 1578 918 1652 permansit.
966 1577 1135 1655 Dativum,
1171 1597 1266 1653 quem
1298 1596 1418 1637 novum
1450 1577 1622 1635 sententiae

397 1673 562 1733 exordium
598 1674 743 1750 flagitare
778 1675 962 1750 videbatur,
1001 1676 1184 1734 Herodotus
1219 1676 1359 1734 scribere
1393 1675 1523 1733 omnino
1558 1692 1620 1733 non

397 1772 518 1848 potuit,
557 1775 652 1848 atque
687 1773 765 1832 adeo
800 1774 826 1831 si
862 1774 1020 1848 dedisset,
1059 1775 1178 1834 Graece
1210 1792 1274 1832 nom
1307 1774 1497 1849 scripsisset.
1542 1773 1619 1831 Nam

397 1868 577 1947 ἐπικοσμεῖν
611 1892 675 1930 τινα
707 1868 917 1948 ἐπιγράμματι
949 1889 1125 1946 numquam
1157 1872 1251 1931 homo
1283 1871 1424 1931 Graecus
1455 1869 1534 1928 dixit
1564 1887 1621 1944 pro

397 1965 579 2045 ἐπιγράφειν
601 1966 656 2027 τινὶ
676 1967 873 2046 ἐπίγραμμα;
904 1988 974 2028 cum
999 1968 1135 2030 duobus
1155 1972 1261 2030 autem
1284 1968 1495 2028 substantivis
1516 1967 1621 2026 dativo

396 2083 474 2125 casu
496 2067 606 2142 positis
628 2069 805 2143 copulaque
825 2066 878 2127 καὶ
899 2069 1076 2128 coniunctis
1093 2069 1226 2128 verbum
1243 2066 1423 2143 ἐπικοσμεῖν
1439 2065 1621 2124 Herodotus

323 2229 326 2236 ,
397 2166 583 2224 necessitate
604 2169 732 2226 coactus
754 2170 987 2242 usurpaverat,
1018 2169 1053 2226 ut
1076 2167 1219 2225 notiones
1242 2164 1401 2225 statuendi
1424 2163 1506 2238 cippi
1527 2164 1622 2236 atque

396 2262 617 2322 inscribendae
645 2264 861 2339 inscriptionis
888 2265 1052 2323 enuntiato
1081 2282 1146 2324 uno
1167 2264 1328 2324 communi
1349 2263 1618 2337 complecteretur.

363 2425 365 2432 ,
439 2360 633 2420 Sententiam
663 2362 800 2437 denique
828 2363 959 2436 paulum
987 2362 1131 2438 invertit,
1167 2365 1202 2420 ut
1230 2379 1288 2437 pro
1312 2356 1539 2438 Ἀμφικτύονές
1567 2355 1625 2416 εἰσί

397 2478 496 2534 σφεας
521 2457 552 2518 oi
572 2457 838 2537 ἐπικοσμήσαντες
859 2458 1024 2538 στήλῃσι
1045 2481 1082 2519 τε
1102 2457 1169 2518 καὶ
1191 2455 1470 2536 ἐπιγράμμασι
1491 2457 1622 2532 poneret

397 2553 675 2634 ἐπιγράμμασι
700 2579 738 2616 τε
762 2556 829 2618 καὶ
855 2556 1020 2636 στήλῃσι
1037 2555 1133 2635 Ἄμφ.
1158 2554 1216 2617 εἶσί
1234 2578 1288 2634 σφ.
1314 2555 1344 2616 οἱ
1364 2555 1464 2631 ἐπικ,
1489 2554 1621 2629 inscrip-

398 2654 554 2730 tionibus,
583 2656 712 2731 opinor,
741 2656 858 2716 idcirco
880 2657 1080 2732 praemissis,
1109 2656 1195 2730 quod
1216 2656 1249 2713 in
1271 2655 1515 2729 inscriptionum
1536 2652 1621 2711 dedi·

397 2751 574 2811 cationibus
596 2753 766 2813 discrimen
788 2772 882 2813 omne
903 2756 1088 2814 verteretur.

438 2847 457 2925 §
482 2850 528 2908 11.
574 2849 625 2911 De
645 2850 889 2928 fundamento,
916 2851 1011 2930 qood
1030 2851 1249 2912 Herodoteae
1269 2847 1472 2910 narrationi
1489 2847 1623 2909 subesse

396 2944 541 3006 videtur.
586 2949 736 3017 Quaestio
765 2967 851 3009 nunc
878 2951 1044 3010 tractanda
1073 2952 1136 3023 est,
1168 2949 1223 3023 qui
1254 2947 1433 3008 Simonides
1461 2947 1622 3017 dedicator

395 3061 466 3103 esse
496 3047 634 3120 potuerit
664 3047 896 3123 inscriptionis,
932 3066 1015 3123 quae
1045 3048 1198 3122 inscripta
1230 3047 1270 3106 sit
1302 3047 1335 3104 in
1363 3046 1455 3120 cippo
1479 3045 1523 3112 ,ab
1551 3044 1621 3103 aliis

396 3161 509 3219 nempe
530 3145 571 3203 ab
592 3145 876 3223 Amphictyonibus
899 3149 1027 3206 statuto.

436 3243 528 3311 Quod
556 3261 684 3302 carmen
715 3245 894 3304 Simonides
923 3245 1014 3320 cippo
1044 3245 1178 3319 hospitis
1206 3242 1452 3319 insculpendum
1478 3241 1618 3315 curavit,

395 3341 426 3399 id
456 3359 473 3400 a
502 3345 593 3416 poeta
621 3343 691 3417 ipso
719 3344 881 3402 conditum
910 3361 981 3402 esse
1010 3355 1139 3403 necesse
1158 3346 1216 3401 est.
1252 3343 1332 3400 Nam
1354 3341 1489 3399 multum
1512 3340 1619 3414 abest,

396 3440 473 3514 quin
509 3441 676 3500 credamus
708 3442 776 3499 lieri
809 3442 971 3515 potuisse,
1010 3443 1045 3499 ut
1076 3442 1109 3499 in
1140 3440 1297 3500 eiusmodi
1328 3438 1484 3498 amicitiae
1514 3438 1622 3501 officio

395 3541 486 3612 poeta
508 3556 654 3598 summus
675 3540 777 3598 aliena
799 3557 894 3614 opera
916 3541 1068 3598 uteretur.
1105 3538 1197 3607 Quod
1220 3540 1302 3597 recte
1323 3554 1434 3596 omnes
1457 3537 1516 3595 viri
1538 3536 1623 3595 docti

395 3639 574 3695 senserunt.
609 3637 755 3696 Attamen
783 3637 935 3696 carminis
964 3637 1136 3695 auctoritas
1168 3635 1349 3694 Simonidea
1377 3634 1409 3693 in
1432 3651 1528 3693 causa
1550 3650 1623 3692 esse

395 3735 520 3809 nequit,
552 3752 609 3793 cur
637 3737 727 3809 poeta
756 3736 824 3809 ipse
851 3735 1067 3809 inscriptionis
1098 3732 1277 3793 dedicator
1302 3734 1433 3793 vocatus
1455 3732 1505 3790 sit.
1540 3732 1622 3790 Nam

395 3836 572 3892 ceterarum
590 3833 833 3907 inscriptionum
851 3832 1046 3891 dedicatores
1063 3835 1139 3891 sunt
1155 3832 1418 3908 Amphictyones,
1441 3847 1498 3888 nec
1513 3833 1622 3888 tamen

395 3931 480 4004 quod
509 3931 569 4005 ipsi
597 3932 826 4006 epigrammata
855 3931 1053 3989 condiderint
1081 3932 1137 3990 sed
1166 3931 1251 4005 quod
1280 3929 1503 4005 inscriptiones
1523 3928 1622 4002 lapidi

394 4029 526 4088 inscribi
554 4031 727 4088 iusserunt.
763 4030 969 4088 Necessitudo
997 4030 1110 4105 igitur,
1143 4047 1225 4104 quae
1250 4031 1298 4088 est
1319 4029 1401 4086 inter
1425 4026 1622 4085 Simonidem

395 4130 490 4201 atque
517 4145 645 4186 carmen
673 4129 771 4186 artior
799 4128 839 4186 sit
868 4145 997 4186 necesse
1025 4130 1088 4202 est,
1121 4145 1218 4202 quam
1243 4145 1296 4202 ea,
1328 4144 1411 4201 quac
1431 4127 1516 4184 extat
1537 4126 1622 4183 inter

394 4227 518 4300 poetam
540 4227 705 4301 ipsiusque
726 4244 847 4301 poema.
880 4226 963 4295 quid
985 4226 1082 4301 igitur
1104 4227 1223 4284 factum
1244 4243 1315 4284 esse
1337 4222 1487 4282 videtur?
1519 4222 1622 4282 Simo-

395 4324 501 4398 nidea,
532 4325 661 4399 opinor,
693 4323 839 4398 praebuit
867 4323 1153 4399 Amphictyonibus
1183 4340 1296 4381 versus
1317 4323 1350 4381 in
1372 4323 1524 4381 honorem
1547 4321 1622 4379 hos-

394 4422 467 4496 pitis
494 4421 594 4481 nullo
614 4419 766 4498 pecunia
793 4422 932 4498 accepta
952 4419 1003 4495 1¹2).
1038 4421 1099 4489 Qui
1123 4439 1198 4479 vero
1222 4420 1400 4479 Simonides
1422 4419 1622 4479 occasionem

427 4652 461 4714 12)
497 4653 657 4703 Simonidem
680 4669 725 4717 pro
744 4654 906 4704 carminibus
924 4653 1039 4716 pretium
1059 4667 1111 4702 non
1130 4668 1264 4702 recusasse
1283 4657 1376 4701 notum
1395 4657 1442 4701 est.
1472 4653 1506 4701 lte
1524 4647 1622 4715 φιλαρ-

393 4736 469 4801 γυρίᾳ
488 4739 544 4787 eius
562 4740 714 4788 testimonia
733 4740 781 4787 vid.
801 4754 839 4802 ap.
859 4738 1053 4788 Schneidewin.
1073 4753 1095 4801 p.
1106 4738 1188 4786 XXIV
1198 4753 1249 4801 sq.,
1269 4737 1423 4787 Sternbaob.
1442 4737 1529 4786 Melet.
1548 4735 1592 4785 Gr.
1612 4737 1622 4785 l

394 4839 418 4886 p.
435 4822 484 4871 138
503 4838 558 4886 sqq.
