3572 5716
778 538 836 597 213
1205 538 1225 618 ἕ
1250 541 1416 601 ras-127.

193 725 256 797 est,
280 739 345 796 qua
367 739 495 782 carmen
517 740 588 782 esse
611 723 826 783 Simonideam
844 725 1050 784 imitationem
1069 725 1143 784 sciri
1161 729 1268 801 posset
1286 727 1420 802 ideoque

194 821 232 878 ad
249 820 480 896 Thermopylas
498 821 610 879 referri
628 820 751 880 debere.
777 823 864 880 Haec
880 822 1028 881 lemmata
1046 823 1087 881 ab
1105 823 1129 881 L
1145 823 1272 897 quidem
1289 827 1418 884 exarata

193 922 288 995 sunt,
323 919 379 978 sed
410 921 446 978 ut
476 920 591 979 lemma
618 920 857 995 epigrammatis
886 921 1041 981 Corinthii
1069 922 1139 980 VII.
1171 921 1229 981 250
1260 920 1295 999 (5
1327 921 1415 999 101),

193 1016 348 1076 debentur
369 1018 432 1076 iam
455 1020 662 1094 grammatico
683 1019 854 1092 antiquiori
869 1017 933 1095 164).
959 1019 1056 1078 Plura
1078 1020 1121 1078 dc
1138 1020 1418 1084 lemmatisimita·

191 1116 314 1174 tionum
339 1115 594 1174 Simonidearum
616 1117 797 1175 Mnasaloae
818 1117 881 1176 vid.
906 1115 924 1194 5
950 1118 1007 1177 127
1030 1135 1078 1192 sq.

233 1212 252 1290 5
284 1214 353 1273 126.
399 1213 450 1274 De
491 1212 609 1274 ceteris
650 1212 912 1275 imitationibus
951 1214 1152 1276 Mnasaloae
1192 1215 1415 1278 Simonideis.

192 1313 322 1371 Praeter
355 1312 570 1371 Simonideam
601 1312 807 1371 imitationem
839 1330 954 1387 unam,
990 1330 1073 1387 quae
1089 1314 1285 1373 ‘Mnasaloae
1317 1315 1419 1390 ipsius

192 1411 319 1469 nomine
340 1411 496 1470 instructa
518 1411 670 1486 traditur,
702 1412 795 1486 plura
816 1412 913 1470 huius
935 1413 1046 1485 poetae
1066 1429 1150 1486 epp.‚
1175 1415 1211 1470 ut
1232 1413 1275 1472 ita
1296 1413 1415 1489 dicam,

193 1505 398 1567 Simoniden
424 1510 558 1566 aetatem
579 1508 692 1566 tulisse
715 1508 791 1566 mihi
813 1509 976 1581 videntur;
1007 1526 1090 1583 quae
1110 1513 1216 1568 tamen
1239 1510 1319 1569 miro
1341 1529 1418 1571 casu

193 1623 255 1663 non
277 1606 459 1664 Mnasaloae
480 1605 536 1664 sed
557 1606 617 1680 ipsi
641 1605 797 1664 Simonidi
818 1607 929 1665 tribuit
950 1607 1087 1665 traditio.
1113 1608 1207 1683 Epp,
1233 1626 1315 1683 quae
1330 1611 1415 1685 volo,

192 1705 297 1763 omnia
313 1737 354 1745 —
372 1707 524 1778 quattuor
540 1707 616 1762 sunt
635 1737 672 1745 -
690 1705 823 1762 eandem
841 1704 978 1762 indolem
998 1699 1094 1779 atque
1111 1703 1244 1762 eandem
1263 1705 1417 1764 rationem

191 1804 380 1878 ostendunt,
405 1820 487 1877 quas
502 1802 682 1860 Mnasaloae
697 1819 744 1876 ep.
763 1802 982 1861 Simonideum
994 1800 1273 1876 Thermopylense.
1298 1803 1418 1862 Extant

191 1900 222 1958 in
241 1901 449 1976 Anthologiae
467 1901 629 1960 Palatinae
647 1901 837 1976 fragmentis
856 1901 1058 1975 MeleagreiS,
1083 1900 1123 1958 ad
1145 1899 1295 1975 Syllogen
1317 1900 1417 1958 Simo-

192 1997 316 2056 nideam
339 2015 415 2057 vero
437 1999 548 2056 referri
569 2017 633 2057 non
655 2000 828 2074 potuerunt
852 1997 886 2076 (5
911 1997 993 2074 104).
1019 1998 1157 2057 Imitatio
1172 1999 1205 2055 in
1221 1998 1260 2056 iis
1276 1999 1432 2080 cernitur,

194 2095 366 2154 Simonidei
388 2097 627 2171 epigrammatis
647 2097 834 2171 praesertim
856 2097 970 2172 unius,
999 2097 1113 2155 deinde
1134 2096 1267 2155 aliorum
1290 2114 1418 2170 quoque

191 2193 457 2269 epigrammatum
468 2194 643 2253 locutiones
655 2194 704 2253 vel
717 2195 891 2253 sententiae
902 2193 1126 2269 respiciuntur.
1152 2193 1263 2252 Sermo
1274 2194 1417 2253 tumidus

191 2295 238 2350 est
265 2294 362 2366 atque
390 2309 633 2366 nonnumquam
662 2291 705 2350 ita
733 2294 916 2367 contortae,
947 2295 983 2351 ut
1011 2293 1070 2350 viri
1099 2292 1182 2352 docti
1210 2310 1285 2350 vera
1313 2292 1418 2350 indole

192 2389 301 2447 talium
329 2390 508 2448 carminum
537 2407 602 2448 non
630 2391 796 2464 perspecta
824 2390 875 2448 alii
904 2390 974 2448 aliis
1003 2390 1192 2448 coniecturis
1214 2389 1417 2464 asperitatem

191 2487 354 2546 eliminare
385 2487 576 2546 studuerint.
615 2487 777 2546 Lemmata
808 2488 847 2546 iis
880 2488 1025 2562 apposita
1057 2487 1206 2546 videntur
1238 2487 1418 2560 antiquiore

192 2587 292 2643 aetate
306 2585 347 2643 ab
362 2584 562 2660 hominibus,
584 2585 639 2660 qui
655 2586 704 2645 vel
719 2586 861 2644 sciebant
876 2586 925 2643 vel
940 2585 1180 2660 intellegebant,
1202 2602 1417 2659 quorumnam

192 2683 457 2759 epigrammatum
486 2683 742 2742 Simonideorum
768 2686 875 2742 essent
900 2684 1101 2742 imitationes,
1136 2682 1258 2741 Titulos
1282 2682 1417 2741 Simoni·

191 2783 282 2858 deos,
307 2781 426 2855 quibus
445 2798 532 2841 nunc
545 2781 751 2856 muniuntur,
775 2782 849 2840 inde
863 2784 950 2840 ortos
965 2799 1036 2840 esse
1049 2783 1143 2856 puto,
1168 2781 1254 2854 quod
1269 2781 1417 2856 primitus

191 2880 422 2956 insignirentur
460 2878 660 2938 Simonideae
693 2879 878 2938 imitationis
913 2878 1019 2953 aliqua
1055 2881 1149 2953 nota,
1190 2896 1274 2951 quae
1308 2882 1417 2954 postea

192 2978 371 3036 Mnasaloae
392 2994 507 3035 nomen
530 2978 738 3035 summoverit
755 2979 921 3050 totumque
937 2976 1065 3034 titulum
1081 2977 1293 3049 occupaverit.
1319 2977 1413 3052 Epp.‚

191 3092 272 3149 quae
299 3075 363 3133 huc
391 3074 548 3149 pertinere
575 3076 669 3148 puto,
701 3075 778 3132 sunt
798 3074 859 3132 ΑΡ.
885 3073 955 3132 VII.
980 3072 1038 3130 443
1062 3071 1155 3146 (Sim.
1182 3072 1256 3148 106,
1283 3072 1302 3150 5
1326 3072 1413 3150 127),

191 3172 258 3230 VII.
284 3172 342 3230 442
373 3169 466 3248 (Sim.
493 3170 565 3247 103,
599 3170 618 3249 5
647 3171 734 3247 128),
766 3173 836 3231 VII.
862 3172 918 3230 301
950 3170 1043 3247 (Sim.
1069 3170 1124 3246 95,
1158 3169 1289 3248 5129),
1320 3173 1372 3231 VI.
1398 3173 1416 3230 2

192 3267 284 3346 (Sim.
311 3271 385 3344 143,
416 3268 435 3347 5
461 3268 542 3345 130).

230 3366 249 3445 5
274 3368 341 3427 127.
389 3365 439 3426 De
452 3384 502 3443 ep.
517 3365 793 3443 Eurymedoniio
809 3365 888 3425 106.
924 3367 964 3425 Ut
979 3365 1195 3425 Mnasalceum
1210 3385 1259 3441 ep.
1270 3367 1341 3425 VII.
1358 3365 1415 3424 242

190 3465 491 3541 Thermopylensem
523 3481 686 3540 pugnam,
725 3465 770 3523 sic
804 3464 1021 3523 Simonideum
1054 3465 1125 3522 VII.
1156 3465 1214 3523 443
1249 3464 1310 3540 (ep.
1343 3462 1413 3539 106)

190 3564 474 3640 Eurymedontiam
503 3564 646 3636 spectare
674 3563 735 3620 nisi
764 3580 803 3620 ex
830 3562 977 3620 lemmate
1004 3563 1074 3637 ipso
1102 3563 1185 3622 effici
1212 3580 1275 3620 non
1297 3565 1414 3637 potest:

190 3661 230 3728 εἰς
251 3658 324 3728 τοὺς
344 3658 496 3725 πεσόντας
516 3658 592 3736 παρ’
612 3657 839 3736 Εὐρυμέδοντα
857 3657 1002 3736 ποταμὸν
1014 3657 1167 3737 Ἕλληνας
1186 3660 1414 3737 (expectaveris

185 3758 387 3838 Ἀθηναίους,
409 3760 469 3818 hac
486 3759 525 3817 de
541 3777 574 3818 re
589 3759 651 3816 vid.
669 3756 688 3835 5
706 3758 763 3816 128
778 3777 808 3833 p.
823 3757 911 3833 219);
931 3775 995 3831 qua
1010 3757 1049 3815 de
1063 3775 1160 3815 causa
1174 3757 1293 3815 Jacobs
1310 3756 1414 3814 Stadt-

189 3858 302 3916 miiller
336 3857 497 3916 Schwartz
530 3855 654 3932 (Herm.
686 3855 734 3914 35.
768 3855 845 3914 1900
875 3873 906 3929 p.
933 3854 990 3912 118
1021 3872 1052 3912 n.
1082 3851 1114 3928 4)
1147 3854 1272 3912 mentiri
1300 3855 1415 3928 putant

189 3956 313 4015 lemma.
338 3954 587 4030 Epigrammatis
606 3971 681 4012 vero
695 3953 817 4011 indoles
833 3953 1012 4011 examinata
1027 3951 1166 4025 docebit,
1186 3951 1415 4025 quamoptime

189 4055 220 4112 id
242 4072 276 4113 se
297 4053 428 4112 habeat:

388 4147 489 4210 τῶνδέ
508 4148 577 4209 ποτ’
596 4148 629 4208 ἒν
650 4149 800 4226 στέρνοισι
822 4146 1053 4226 τανυγλώχινας
1075 4143 1196 4214 ὀιστοὺς

427 4247 539 4308 λοῦσεν
560 4246 706 4325 φοινίσσᾳ
727 4246 850 4324 θοῦρος
864 4245 961 4324 Ἄρης
982 4243 1114 4324 ψακάδι.

389 4343 454 4404 ἀντὶ
476 4343 505 4405 δ’
524 4343 750 4405 ἀκσντσὸόκων
771 4342 900 4422 ᾶνὸρῶν
921 4347 1058 4421 μνημεῖα
1080 4342 1247 4404 θανόντων

429 4442 529 4521 εἴασχ’
548 4441 706 4521 ἐμψύχων
728 4440 785 4502 ἅδε
805 4441 941 4502 κέκευθε
962 4439 1056 4509 κόνις.

190 4543 313 4602 Etenim
342 4542 375 4600 in
403 4543 463 4601 hoc
489 4543 718 4617 epigrammate
745 4541 902 4616 oppositio
928 4541 1038 4600 eadem
1059 4541 1142 4599 inter
1164 4540 1302 4600 Graecos
1323 4540 1416 4597 hasta

189 4683 348 4692 ——n

221 4764 268 4828 164)
303 4766 333 4814 Ei
356 4781 463 4828 quoque
486 4765 599 4814 debetur
622 4766 718 4814 falsum
743 4780 783 4828 ep.
804 4765 858 4814 vll.
882 4765 932 4813 244
956 4763 1110 4826 (Gaetulici)
1134 4767 1246 4827 lentina,
1273 4779 1325 4812 non
1349 4765 1415 4811 lem-

191 4851 326 4912 marisiae,
343 4850 432 4912 quiid
450 4855 557 4898 tantum
575 4851 700 4898 exaravit.
