3546 5724
788 509 826 568 ar
1326 507 1344 586 s
1368 509 1416 567 21.

196 697 284 766 Quae
304 696 485 771 inscriptio,
510 697 550 756 ab
571 698 738 756 inventore
758 715 794 755 ac
816 695 1021 772 sospitatore,
1048 695 1094 754 St.
1115 696 1325 771 Dragumi',
1355 713 1419 754 non
1453 679 1456 690 ’

196 795 236 854 ab
263 794 349 854 omni
377 795 468 870 parte
494 794 658 853 enucleata
687 793 997 853 Wilamowitzio
1018 793 1214 852 occasionem
1237 791 1322 852 dedit
1344 792 1419 852 scri-

195 893 316 951 bendae
336 893 516 967 praeclarae
538 892 826 967 commentationis,
847 909 937 966 ‚quae
961 891 1152 951 ‘Simonides
1173 891 1231 949 der
1252 891 1419 967 Epigram-

195 988 338 1049 matiker’
361 991 529 1066 insigniter
550 991 703 1065 inscripta
724 993 782 1059 est.
817 991 888 1059 Qua
911 990 960 1048 vir
981 989 1178 1049 clarissimus
1200 989 1420 1048 demonstrare

195 1088 317 1146 studuit
333 1088 533 1147 Kaibelianas
552 1089 832 1148 commentationes
847 1088 1004 1147 immerito
1020 1087 1075 1145 diu
1092 1086 1250 1162 neglectas
1266 1085 1416 1163 iacuisse,

195 1203 266 1246 cum
297 1187 356 1246 hac
383 1186 591 1261 inscriptione
618 1186 873 1262 splendidissime
900 1185 1161 1259 confirmaretur,
1195 1185 1281 1259 quod
1310 1182 1419 1243 Kaibel

193 1285 256 1343 iam
277 1285 459 1359 suspicatus
481 1287 566 1359 erat,
590 1301 704 1359 nempe
721 1285 857 1344 alterum
873 1284 1030 1343 distichon
1045 1283 1153 1342 deberi
1169 1283 1229 1342 arti
1245 1283 1420 1342 rhetoricae

195 1382 363 1458 (quaeres
385 1382 526 1442 Kaibelio
547 1399 625 1441 sane
645 1399 742 1442 causa
763 1383 884 1458 iuerat,
909 1400 966 1442 cur
982 1384 1082 1441 totum
1099 1382 1295 1457 epigramma
1311 1382 1418 1457 generi
1516 1387 1524 1400 ‘

193 1481 443 1540 demonstrativo
464 1478 685 1556 adiudicaret).
710 1481 914 1540 Wilamowitz
935 1480 968 1538 in
990 1481 1050 1540 hac
1071 1479 1334 1540 commentatione
1355 1480 1418 1538 sin·

193 1580 276 1655 gulis
304 1579 456 1655 exemplis
484 1561 653 1638 ostendere
673 1582 807 1639 conatus
828 1581 877 1638 est
898 1578 979 1637 duas
1001 1596 1052 1636 res
1073 1578 1229 1653 imprimis
1251 1577 1283 1636 in
1306 1595 1418 1652 quaes·

192 1678 276 1736 tione
303 1677 484 1737 Simonidea
506 1694 577 1736 esse
598 1677 895 1737 animadvertenda:
923 1676 1127 1735 omissionem
1150 1675 1288 1735 nominis
1308 1678 1420 1750 poetae

193 1775 277 1850 apud
303 1777 399 1834 testes
428 1775 601 1836 nonnullos
629 1776 658 1834 et
686 1777 793 1834 textus
821 1773 928 1833 traditi
956 1773 1173 1832 diversitatem
1200 1775 1232 1832 in
1255 1774 1418 1832 nonnullis

193 1873 431 1950 epigrammatis
453 1873 590 1932 obviam.
615 1872 773 1941 Quoniam
795 1890 860 1931 non
881 1873 913 1930 id
935 1872 1038 1948 egisse
1060 1872 1186 1931 videtur
1204 1872 1253 1930 vir
1270 1873 1358 1947 clar.,
1382 1873 1418 1930 ut

193 1973 318 2046 plenam
345 1973 516 2047 exponeret
545 1971 811 2045 epigrammatum
842 1971 1098 2032 Simonideorum
1119 1970 1299 2029 traditionis
1321 1971 1417 2030 histo·

194 2071 272 2129 riam
295 2103 332 2112 -
352 2073 429 2130 'nam
450 2085 554 2143 neque
575 2067 614 2126 de
637 2067 764 2144 Sylloge
785 2069 855 2143 ipsa
877 2068 1028 2126 disseruit
1050 2085 1153 2143 neque
1174 2068 1272 2144 igitur
1293 2068 1332 2126 de
1348 2068 1417 2127 eius

193 2171 293 2227 aetate
313 2167 436 2243 origine
455 2166 614 2240 fontibus,
644 2165 764 2224 iactum
786 2169 850 2241 est,
879 2166 914 2224 ut
929 2166 969 2223 'in
990 2165 1050 2224 hac
1071 2165 1349 2242 commentatione,
1378 2184 1417 2225 ex

193 2283 255 2340 qua
284 2283 391 2324 meum
418 2281 500 2340 opus
527 2263 700 2323 identidem
728 2281 882 2340 magnum
904 2263 1023 2338 accepit
1043 2264 1307 2340 emolumentum,
1340 2282 1417 2322 non·

193 2381 369 2439 numquam
399 2364 432 2422 in
464 2362 601 2437 singulis
633 2362 729 2420 rebus
761 2380 779 2421 a
811 2379 886 2421 vero
917 2362 1085 2421 aberrasse
1116 2362 1221 2421 virum
1255 2379 1417 2421 summum

193 2463 383 2522 constituere
411 2477 540 2520 necesse
568 2461 618 2519 sit.
653 2460 742 2528 Quae
769 2463 875 2520 autem
904 2460 943 2518 de
972 2460 1135 2519 Simonide
1159 2459 1418 2535 epigrammatico

193 2561 315 2620 censuit
345 2558 552 2618 Wilamowitz
585 2557 629 2635 (p.
664 2558 737 2618 320:
773 2557 840 2617 ‘wir
870 2559 997 2617 kiinnen
1030 2558 1086 2617 aui
1116 2558 1186 2616 dem
1220 2557 1329 2616 Boden
1361 2557 1418 2616 der

193 2645 436 2732 llberlieierung
464 2657 568 2716 nichts
597 2673 660 2715 von
687 2656 775 2715 einer
802 2656 999 2716 besonderen
1025 2656 1217 2731 Bedeutung
1237 2655 1292 2714 des
1317 2655 1417 2714 Simo·

193 2757 281 2816 uides
303 2757 349 2815 als
371 2754 679 2831 Epigrammatikers
700 2751 908 2835 behaupten')
924 2752 983 2829 55),
1014 2771 1050 2813 ea
1072 2753 1184 2829 opinor
1206 2771 1268 2834 non
1292 2754 1417 2813 conclu·

193 2857 301 2930 sisset,
325 2854 407 2913 siin
428 2853 598 2926 antiquum
618 2851 857 2927 epigrammatis
879 2853 998 2910 statum
1019 2851 1239 2926 inquisivisset
1255 2849 1306 2926 56).

231 2955 307 3012 Post
325 2950 597 3011 Wilamowitzium
619 2949 731 3024 quide
750 2949 940 3009 Simonideis
958 2949 1221 3024 disputaverunt,
1246 2949 1416 3024 peculiaria

192 3053 315 3110 tantum
342 3049 573 3125 epigrammata
602 3046 662 3106 sibi
689 3046 855 3106 tractanda
882 3049 1099 3121 sumpserunt.
1132 3047 1300 3106 Auxerunt
1320 3049 1416 3105 mate·

192 3150 268 3209 riem
290 3151 434 3208 nostram
455 3146 641 3205 Homolle
663 3144 787 3222 (1898),
812 3146 866 3220 qui
883 3145 1060 3220 crepidines
1077 3145 1260 3205 Dinomenis
1276 3145 1416 3204 filiorum

222 3380 257 3442 55)
292 3383 322 3431 ln
346 3381 516 3430 annotatione
534 3380 650 3444 quadam
669 3379 702 3428 ad
720 3393 859 3428 censuram
879 3379 1043 3444 Bacchylidis
1061 3379 1228 3443 Kenyoniani
1244 3377 1333 3440 (GGA.
1351 3377 1417 3428 1888

193 3485 213 3532 p.
232 3467 280 3517 158
299 3483 323 3516 n.
341 3466 369 3528 9)
391 3467 428 3515 vir
446 3466 477 3514 cl.
496 3464 660 3515 Simonidem
678 3479 731 3514 nun
749 3466 836 3514 solum
855 3465 1101 3528 epigrammaticum
1120 3469 1224 3526 poetam
1244 3463 1417 3525 mediocrem,

191 3553 234 3603 sed
257 3553 339 3601 etiam
363 3553 465 3600 malum
489 3551 570 3599 luisse
593 3549 672 3598 dixit:
699 3545 767 3598 ‘dass
790 3549 837 3597 ilrn
861 3547 906 3610 (sc.
932 3549 1090 3606 Simonides)
1113 3549 1155 3598 die
1178 3548 1354 3598 Scnliclnleit
1370 3548 1418 3596 der

193 3637 344 3686 wirklichen
369 3635 537 3699 Epigramma
563 3649 611 3698 gar
634 3634 722 3682 nichts
747 3634 862 3697 angeht,
889 3634 957 3683 habe
980 3635 1022 3684 ich
1046 3635 1164 3684 kiirzlich
1188 3633 1344 3696 dargetlran.
1372 3633 1416 3682 Bei

191 3723 248 3771 dem
276 3721 413 3770 Vorliiuier
435 3720 495 3768 lons
518 3719 553 3768 ist
576 3715 658 3767 daher
682 3719 746 3768 cher
768 3733 802 3767 an
828 3719 998 3768 liinstlichen
1022 3718 1154 3768 Schmuck
1176 3735 1207 3767 zu
1226 3719 1344 3780 denken,
1367 3717 1416 3765 wie

191 3807 236 3856 iim
261 3807 330 3856 auch
357 3805 399 3853 die
424 3804 557 3868 lyrischen
586 3803 743 3866 Fragmenta
770 3804 858 3867 reigen
886 3842 891 3852 .
912 3843 916 3854 .
936 3842 966 3854 ..
1002 3805 1046 3854 lch
1070 3805 1144 3853 hatte
1168 3803 1230 3853 aber
1254 3802 1414 3864 iibersehen,

192 3891 249 3940 dass
271 3891 366 3954 gerade
390 3890 433 3938 iiir
455 3889 528 3937 scine
552 3888 720 3950 Epigramma
744 3888 789 3937 das
814 3889 940 3938 indeindc
958 3890 1041 3939 Urteil
1061 3889 1134 3937 eines
1151 3888 1348 3952 Faclrgenossen
1368 3902 1415 3936 aus

192 3975 248 4024 dem
272 3975 371 4024 dritten
395 3973 577 4022 lahrhundert
600 3972 727 4035 vorliegt'.
754 3972 950 4024 Commemorat
975 3979 1034 4023 tum
1061 3990 1082 4022 v.
1100 3974 1131 4023 cl.
1156 3974 1336 4023 Theodoridae
1359 3973 1414 4036 epi-

191 4075 308 4124 gramma
325 4053 479 4108 σκωπτικόν
496 4059 638 4120 (ARlllll.
649 4056 693 4120 91)
711 4059 737 4106 in
757 4059 917 4118 Mnasalcam
937 4065 1054 4122 poetam,
1073 4060 1149 4108 cuius
1166 4073 1243 4108 musa
1260 4061 1304 4112 τᾶς
1322 4055 1414 4120 Σιμω-

190 4142 246 4194 νίδα
270 4140 375 4198 alcidae
402 4142 466 4204 (non
492 4139 591 4198 πλάτας
618 4149 649 4191 ut
674 4159 696 4191 v.
718 4146 749 4193 cl.
768 4142 871 4206 laudat)
897 4140 1090 4208 ἀποσπάραγμα
1117 4148 1231 4194 vocatur.
1259 4143 1340 4193 Cuius
1366 4143 1415 4191 loci

191 4229 349 4279 sententiam
373 4229 458 4277 virum
482 4231 514 4278 cl.
532 4244 585 4278 non
604 4234 674 4277 recte
692 4229 852 4291 perspexisse
870 4231 1022 4292 ostendam,
1047 4244 1108 4279 cnm
1127 4230 1159 4278 de
1177 4229 1328 4279 condicione
1346 4229 1416 4276 inter

191 4313 351 4364 Simonidem
375 4311 403 4373 (i.
421 4328 442 4363 e.
466 4313 591 4378 Syllogen
610 4312 800 4375 Simonideam)
824 4319 906 4377 atque
924 4315 1114 4364 Alexandrinos
1132 4319 1221 4377 poetas
1238 4314 1415 4378 epigramma·

191 4399 267 4462 ticos,
287 4398 418 4462 imprimis
435 4398 610 4461 Mnasalcam,
629 4395 693 4448 milri
711 4399 900 4462 disputandum
919 4400 969 4448 erit
986 4397 1011 4461 (5
1030 4397 1096 4460 191).

221 4481 256 4545 56)
292 4483 499 4547 Wilamowitzii,
522 4489 634 4548 quaest
652 4484 824 4547 auctoritate,
842 4485 1002 4533 sententiam
1021 4485 1097 4533 hodie
1116 4485 1163 4533 viri
1181 4485 1251 4534 docti
1268 4487 1416 4549 complures

191 4570 400 4632 amplectuntur,
418 4582 440 4617 e.
458 4583 482 4632 g.
502 4568 642 4632 Wilhelm,
662 4569 706 4618 Ed.
726 4569 817 4635 Meyer
835 4568 865 4618 G.
883 4569 908 4619 d.
926 4569 956 4618 Α.
975 4570 1017 4618 lll.
1036 4567 1099 4632 190,
1117 4569 1168 4618 leo
1187 4570 1213 4618 in
1233 4570 1287 4618 rita
1305 4570 1416 4620 Kaibelii

192 4655 234 4701 τοῦ
251 4655 401 4716 paauperes)
419 4652 514 4702 Nachr.
533 4652 603 4702 Giitt.
622 4653 680 4702 Ges.
700 4653 844 4703 Geschiiftl.
863 4654 930 4702 Mitt.
948 4653 1013 4703 1909
1032 4670 1054 4717 p.
1072 4652 1104 4702 39
1122 4669 1147 4702 n.
1166 4651 1189 4703 1.
1223 4653 1261 4703 of.
1280 4660 1416 4717 praeterea

191 4721 281 4787 annot
300 4752 355 4800 seq.
390 4737 485 4786 Sitzler
506 4737 545 4800 (in
567 4740 688 4788 Bursiani
706 4738 854 4788 Jahresber.
872 4737 929 4788 illl.
947 4738 1014 4788 1901)
1032 4755 1054 4802 p.
1073 4737 1122 4788 198
1139 4738 1209 4802 sqq.)
1228 4753 1243 4787 a
1261 4739 1415 4802 Bergkianis

192 4819 427 4886 llauvettianisque
444 4823 589 4872 rationibus
606 4815 724 4872 nonduin
744 4823 857 4872 recessit.
