3546 5724
683 1394 920 1464 CAPUT
968 1394 992 1462 l.

366 1607 405 1664 1111
424 1605 640 1664 induturum
659 1604 846 1674 1111111811οΝ1
865 1563 1058 1664 811οΝ191119
1077 1593 1306 1664 austrannum.

266 1805 285 1884 ξ
316 1807 343 1865 1.
393 1805 553 1866 Virorum
586 1805 768 1866 doctorum
799 1803 940 1882 scripio.
985 1806 1245 1882 Epigrammata,
1281 1823 1364 1880 quae
1394 1826 1450 1884 per

224 1905 330 1964 varios
349 1905 539 1980 scriptorum
559 1905 754 1964 Graecorum
772 1903 871 1962 libros
889 1904 1035 1979 dispersa
1057 1903 1230 1963 Simonidis
1250 1903 1304 1962 Cei
1323 1906 1451 1964 nomine

224 2004 388 2078 feruntur,
420 2003 460 2062 ab
489 2003 606 2062 Ursino
631 2003 744 2061 Allatio
767 2001 929 2060 Brunckio
949 2001 1100 2060 Jacobsio
1121 2001 1301 2061 Gaislordio
1323 2003 1449 2061 collecta

224 2101 367 2159 omnium
395 2101 650 2159 testimoniorum
678 2102 835 2175 apparatu
864 2099 1020 2158 instructa
1049 2102 1297 2174 composuerunt
1321 2099 1450 2160 Schnei-

224 2197 325 2256 dewin
342 2199 375 2256 in
395 2197 566 2256 Simonidis
584 2198 791 2272 reliquiarum
807 2198 943 2256 editione
953 2195 978 2272 1)
997 2199 1092 2271 atque
1109 2197 1214 2272 Bergk
1230 2197 1263 2255 in
1280 2198 1448 2258 Poetarum

226 2297 411 2370 Lyricorum
437 2296 635 2356 Graecorum
663 2296 826 2354 volumine
853 2295 914 2354 III.
950 2295 988 2353 In
1017 2312 1156 2369 quorum
1184 2295 1450 2370 epigrammatum

225 2394 319 2452 iidem
348 2397 444 2468 atque
471 2395 626 2470 originem
657 2394 715 2452 viri
744 2394 827 2452 docti
849 2396 933 2453 certa
956 2393 1078 2452 ratione
1099 2395 1195 2467 atque
1217 2392 1268 2452 via
1289 2394 1451 2468 inquirere

225 2491 352 2550 demum
381 2495 568 2566 coeperunt,
601 2494 772 2566 postquam
801 2491 887 2550 Aem.
919 2492 999 2567 Aug.
1030 2489 1210 2565 Junghahn
1235 2489 1341 2567 (1869)
1364 2511 1450 2568 mag-

225 2607 302 2648 num
333 2607 443 2648 eorum
475 2607 664 2664 numerum,
700 2606 838 2663 quorum
871 2589 951 2647 tides
983 2605 1087 2662 usque
1118 2588 1158 2646 ad
1191 2588 1222 2646 id
1253 2591 1379 2664 tempus
1412 2608 1452 2649 ne

225 2687 410 2747 addubitata
439 2688 567 2761 quidem
595 2691 679 2762 erat,
714 2687 868 2746 Simonidi
890 2686 1138 2745 abiudicandum
1161 2687 1293 2746 censuit.
1325 2687 1451 2755 Quibus

258 2882 280 2945 1)
317 2884 424 2934 Fulvius
448 2885 593 2935 Ursinus
615 2886 642 2934 in
660 2885 727 2934 libro
745 2881 877 2934 ‘Carmina
895 2884 996 2933 Novem
1015 2883 1161 2932 illustrium
1182 2883 1351 2933 Feminarum
1371 2921 1376 2933 .
1396 2920 1401 2935 .
1421 2923 1426 2933 .
1446 2922 1451 2934 .

226 2973 253 3017 et
272 2969 425 3032 Lyricorum
445 3006 450 3018 .
468 3007 472 3018 .
491 2970 643 3033 ..Elegiae
663 3007 734 3019 ....
753 2969 875 3019 Bucolica
892 2965 981 3030 (Antv.
1000 2966 1084 3028 1568)'
1103 2967 1453 3032 Simonidis'epigrammata

226 3054 280 3103 lere
302 3054 392 3102 omnia
416 3069 500 3118 usque
524 3055 555 3104 ad
580 3055 606 3104 id
630 3055 757 3118 temporis
781 3060 844 3103 nota
867 3079 900 3088 -
923 3054 1038 3116 exceptis
1061 3054 1144 3116 igitur
1167 3053 1213 3114 iis,
1238 3067 1307 3116 quae
1332 3054 1407 3103 unice
1425 3054 1451 3102 in

227 3137 383 3202 anthologia
401 3138 529 3188 Palatina
547 3139 675 3200 leguntur
693 3165 725 3172 -
746 3155 769 3202 p.
788 3136 921 3188 157-189
938 3138 1021 3186 edidit
1038 3138 1310 3202 annotationibusque
1327 3139 1454 3187 instruxit

226 3237 250 3284 p.
274 3221 414 3272 ‘aaa-335.
450 3223 501 3272 Leo
531 3223 698 3284 AllatiuS,
728 3239 789 3273 cum
816 3225 843 3272 in
871 3223 936 3271 libro
964 3223 1004 3270 ‘de
1030 3221 1185 3271 Simeonum
1212 3223 1314 3285 scriptis
1340 3223 1454 3291 diatriba

227 3304 316 3366 (Paris.
346 3306 432 3368 16111)
460 3309 541 3358 etiam
571 3309 604 3356 de
633 3308 767 3358 Simonide
796 3308 937 3358 dissereret
966 3308 1077 3371 eiusque
1107 3307 1330 3371 epigrammatum
1358 3309 1453 3357 seriem

227 3391 346 3441 laudaret
375 3407 398 3454 p.
424 3392 473 3442 ala
498 3407 572 3456 sqq,
603 3393 691 3442 Ursini
717 3393 797 3456 copiis
824 3392 950 3456 neglectis
978 3397 1082 3455 praeter
1108 3383 1239 3456 perpauca
1266 3393 1318 3442 alia
1344 3393 1454 3442 adduxit

228 3475 316 3539 viginti
335 3477 389 3526 lere
407 3478 600 3541 epigrammata
617 3493 649 3527 ex
665 3478 752 3528 codice
770 3477 900 3528 Palatino
918 3479 988 3540 ipso,
1006 3477 1082 3526 cuius
1094 3492 1155 3526 cum
1168 3479 1263 3526 ceteris
1278 3477 1453 3528 Bibliothecae

227 3560 359 3610 Palatinae
388 3562 463 3612 libris
493 3563 680 3624 manuscriptis
709 3577 724 3611 a
750 3563 928 3612 Maximlliano
956 3563 1081 3611 Bavariae
1107 3563 1178 3612 Duce
1204 3562 1263 3611 Sedi
1291 3563 1453 3626 Apostolicae

227 3645 328 3696 donatis
350 3661 373 3694 a.
398 3645 660 3711 llfflHeidelberga
686 3648 795 3697 Romam
821 3647 999 3697 transferendi
1021 3646 1118 3697 Allatio
1140 3649 1276 3710 negotium
1296 3648 1452 3696 mandatum

228 3729 320 3778 luerat.
348 3731 482 3780 Brunck
508 3731 535 3780 in
562 3729 704 3782 ‘Analectis
729 3732 856 3782 Veterum
881 3732 1021 3781 Poetarum
1047 3730 1215 3780 Graecorum’
1239 3732 1250 3779 l
1274 3729 1452 3794 (Argentorati

227 3812 302 3876 1776)
320 3831 342 3878 p.
360 3813 507 3878 130-117,
524 3817 631 3882 collegit
648 3819 737 3866 omnia
755 3819 810 3868 lere
828 3831 884 3879 epp.
904 3831 964 3866 cum
983 3831 1013 3864 ex
1033 3816 1205 3878 scriptoribus
1223 3821 1280 3864 tum
1300 3831 1332 3865 ex
1349 3816 1452 3866 Antbo-
1484 3881 1487 3885 Ι

228 3898 301 3962 logiis
326 3900 461 3948 Planudea
486 3905 567 3964 atque
595 3901 715 3951 Palatina
742 3907 817 3963 nota3
842 3915 911 3964 quae
929 3901 1126 3950 commentariis
1143 3901 1270 3949 instruxit
1287 3900 1408 3950 Jacobs
1426 3901 1452 3949 in

227 3980 497 4034 ‘animadversionum
517 3986 543 4034 in
563 3985 624 4048 Epp.
643 3984 819 4050 Antbologiae
838 3983 960 4034 Graecae’
980 3985 1028 4034 vol.
1048 3986 1057 4032 l
1076 3983 1156 4048 (lips.
1175 3982 1253 4046 1798)
1271 4000 1294 4048 p.
1312 3983 1453 4034 alo—273.

228 4065 384 4118 Gaisford
410 4069 438 4118 in
465 4066 613 4119 ‘Poetarum
641 4069 775 4119 Minorum
802 4069 971 4119 Graecorum'
999 4069 1078 4119 vol.l
1105 4066 1198 4129 (Onon.
1223 4067 1301 4131 1811)
1326 4070 1372 4119 illa
1396 4085 1453 4134 epp.

228 4155 347 4216 repetivit
373 4169 396 4217 p.
414 4152 464 4202 359
489 4170 546 4218 sqq.
574 4157 685 4218 receptis
712 4170 820 4219 quoque
846 4156 892 4217 iis,
919 4169 991 4218 quae.
1010 4155 1043 4204 ab
1067 4155 1162 4204 Ursino
1186 4169 1273 4204 errore
1297 4154 1454 4205 Simonideis

228 4237 375 4288 adiudicata
397 4244 487 4300 erant,
512 4254 599 4303 neque
626 4241 679 4289 ullo
701 4241 852 4290 discrimine
870 4242 940 4290 sacto
958 4241 1028 4290 inter
1044 4236 1134 4302 μελῶν
1151 4239 1364 4289 Simonideorum
1382 4241 1454 4304 frag-

229 4330 316 4372 menta
347 4329 429 4387 atque
461 4325 660 4388 epigrammata.
697 4324 956 4374 Schneidewlni
989 4325 1065 4387 libri,
1097 4325 1144 4387 qui
1171 4325 1333 4388 Brunsvigae
1359 4326 1456 4388 prodiit

229 4423 250 4456 a.
263 4405 328 4456 1835
347 4405 497 4457 ‘Simonidis
515 4407 560 4457 Cei
577 4407 732 4458 Carminum
752 4410 897 4472 Reliquiae'
915 4410 1071 4471 inscriptus,
1090 4411 1174 4457 altera
1183 4424 1241 4472 pars
1252 4410 1455 4473 Epigrammatis

229 4491 344 4541 dedicata
362 4497 428 4542 erat.

254 4575 296 4625 'De
319 4577 543 4640 epigrammatum
567 4592 679 4627 numero
698 4579 804 4627 videant
823 4581 932 4628 lectores
950 4593 1004 4641 cap.
1024 4579 1059 4627 lll
1078 4576 1090 4638 ᾖ
1107 4577 1140 4626 39
1158 4594 1184 4627 n.
1201 4577 1225 4627 l.
1253 4579 1455 4628 Testimoniisa

231 4659 288 4709 viris
311 4661 394 4711 doctis
417 4662 533 4711 collectis
557 4663 611 4726 ipse
635 4663 730 4712 addere
755 4663 829 4726 potui
852 4663 1035 4712 testimonium
1061 4677 1099 4725 ep.
1124 4662 1172 4712 117
1196 4665 1266 4726 apud
1285 4663 1371 4714 Sclrol.
1391 4665 1455 4713 ller-

230 4758 294 4808 mog.
312 4746 365 4795 Vll.
390 4744 457 4796 1084
481 4746 563 4797 Walz.
587 4745 612 4809 (ἓ
630 4745 673 4806 79)
697 4752 724 4796 et
747 4747 931 4796 testimonium
959 4748 1111 4796 universnm
1136 4749 1167 4797 de
1192 4762 1250 4810 epp.
1268 4748 1367 4798 Simon.
1386 4749 1454 4812 apml

231 4827 367 4880 Aristidem
385 4831 417 4880 de
437 4831 470 4880 111
488 4833 533 4882 vir.
551 4831 601 4880 als
620 4833 648 4881 1).
667 4830 692 4894 (ἓ
709 4831 777 4894 139).

1340 4919 1352 4972 1
