3516 5712
766 531 821 593 131
1234 530 1331 612 ἕνα,
1358 533 1405 596 ιτ.

180 717 295 796 πρᾶξαι
322 723 369 798 τῷ
398 714 516 798 Ξέρξῃ,
544 715 676 779 Γέλωνα
705 717 731 778 o'
753 721 830 786 ναῦς
858 717 1076 797 εὐτρεπίσαντο
1105 717 1158 779 καί
1180 719 1210 798 γλ
1233 719 1334 786 ἱππεῖς
1355 720 1409 781 καὶ

180 814 293 887 πεζοὺς
314 838 332 894 γ
358 819 552 877 κατακοῦσαι
576 814 687 877 στόλον
709 813 942 896 Καρχηδονίων
963 814 1104 876 πλέοντα
1118 815 1167 876 ἐπὶ
1187 815 1334 878 Σικελίαν
1354 818 1408 877 καί

181 911 460 993 διαμαχησάμενον
484 911 536 993 μὴ
564 911 693 992 μόνον
719 911 812 980 τοῦς
836 911 1088 982 Σικελιώτας
1113 911 1408 993 ἐλευθερῶσαι,

181 1009 275 1072 ἀλλὰ
296 1011 363 1071 καί
384 1010 453 1091 τὴν
470 1009 636 1072 Ἑλλάόα
658 1010 884 1090 σύμπασαν.
919 1009 1016 1090 [εἰκὸς
1038 1009 1095 1072 οὗν
1116 1011 1209 1092 ταύτῃ
1232 1017 1269 1092 τῇ
1290 1013 1409 1092 ἱστορίᾳ

180 1109 411 1190 ἐντετυχηκέναι
432 1107 485 1169 τὸν
508 1108 696 1189 Πίνδαρον]

220 1209 280 1267 Hic
294 1209 450 1267 habemus
465 1209 680 1285 fragmentum
696 1206 840 1286 Ephori.
865 1210 978 1268 Nonne
994 1212 1245 1268 consentaneum
1259 1213 1307 1269 cst
1321 1228 1405 1286 eum,

180 1325 274 1380 quem
291 1307 600 1382 argumentationem
618 1307 858 1383 epigrammatis
877 1308 1008 1366 firmare
1025 1308 1153 1366 solitum
1167 1325 1238 1366 csse
1252 1309 1405 1383 sciamuS,

180 1404 368 1463 sententiam
389 1401 441 1482 μὴ
462 1401 591 1482 μόνον
612 1401 684 1470 τοὺς
704 1401 896 1469 Σικελιώτας
917 1401 1211 1481 ἐλευθερῶσαι,
1233 1402 1323 1464 ἀλλὰ
1345 1404 1409 1465 καί

180 1501 234 1582 τὴν
247 1500 417 1562 Ἑλλάδα
435 1502 604 1580 σύμπασαν
618 1505 764 1562 consulto
782 1503 825 1562 ita
840 1503 982 1579 dedisse,
1004 1506 1039 1562 ut
1053 1506 1160 1578 aptam
1175 1503 1306 1562 haberet
1320 1521 1407 1563 occa·

180 1601 300 1660 sionem
323 1601 580 1677 epigrammatiS,
605 1602 691 1676 quod
713 1619 800 1661 nunc
820 1601 932 1676 paucis
954 1592 1102 1660 versibus
1123 1604 1196 1676 post
1216 1602 1249 1660 in
1273 1602 1409 1661 Scholiis

178 1699 308 1774 legitur,
333 1698 515 1758 afferendi?
537 1699 620 1768 Quid
641 1698 766 1776 igitur?
791 1699 968 1758 Scholiasta
990 1700 1212 1774 Ephoreorum
1235 1700 1407 1758 verborum

180 1798 370 1856 sententiam
386 1797 543 1873 ultimam,
560 1798 593 1856 in
609 1815 673 1872 qua
687 1798 871 1856 Dinomenis
886 1798 1025 1856 tiliorum
1041 1798 1137 1857 tiebat
1149 1799 1281 1873 mentio,
1295 1798 1408 1856 melius

179 1895 220 1954 ad
241 1913 289 1954 vs.
310 1895 367 1955 154
389 1913 437 1970 sq.
458 1913 555 1969 quam
577 1896 618 1954 ad
639 1913 670 1954 v.
692 1893 749 1953 147
770 1895 895 1954 laudari
918 1896 1031 1969 sensit;
1054 1913 1122 1954 earn
1145 1896 1243 1970 igitur
1260 1913 1278 1954 a
1296 1897 1408 1954 ceteris

179 1994 356 2052 seiunctam
385 2011 469 2051 novo
496 1994 620 2052 dicendi
650 1993 748 2052 verbo
771 1991 877 2071 (φασι)
900 1993 1051 2069 subiecit,
1075 2011 1147 2053 curn
1169 1994 1319 2068 Ephorus
1340 1993 1409 2068 ipse

179 2091 348 2165 scripsisse
369 2090 514 2149 videatur
535 2087 646 2149 Γέλων
667 2087 742 2167 γάρ
759 2135 765 2148 .
782 2135 788 2149 .
806 2135 812 2149 .
828 2135 835 2148 .
854 2087 1016 2169 ἀνέθηκε.
1033 2135 1039 2148 .
1056 2135 1062 2149 .
1079 2088 1280 2168 ,ἐπιγράψας
1300 2087 1364 2149 κτλ.

220 2189 426 2248 Confidentcr
447 2207 524 2265 ergo
544 2189 747 2248 traditionem
769 2190 794 2247 A
816 2188 856 2248 ad
878 2190 1045 2264 Ephorum
1067 2189 1252 2265 referimus,
1283 2207 1322 2248 ex
1344 2206 1408 2263 quo

179 2286 272 2345 etiam
300 2287 334 2345 in
364 2287 571 2346 Plutarchum
598 2305 668 2362 epp.
695 2287 896 2346 Corinthiaca
918 2287 1062 2361 quinque
1084 2285 1119 2364 (ᾗ
1142 2286 1194 2362 29)
1217 2290 1247 2346 et
1268 2305 1316 2362 ep.
1339 2287 1407 2346 Pla-

179 2387 306 2443 taeense
339 2384 396 2443 140
430 2383 465 2462 (ξ
494 2384 546 2460 50)
576 2385 711 2444 fluxisse
739 2385 887 2445 vidimus.
906 2386 1033 2459 ,Neque
1061 2403 1147 2444 nunc
1175 2384 1309 2444 dubium
1337 2402 1409 2444 esse

180 2485 292 2557 potest,
307 2482 387 2555 quin
399 2481 563 2541 collectori
574 2499 703 2556 quoque
713 2500 752 2541 ex
764 2483 894 2556 Ephoro
905 2499 953 2556 ep.
965 2485 1110 2541 nostrum
1123 2482 1307 2556 innotuerit,
1322 2482 1409 2556 apud

181 2595 275 2652 quem
303 2596 378 2638 eum
406 2580 568 2638 invenisse
588 2581 651 2639 iam
673 2581 822 2655 apparuit
843 2579 952 2638 eadem
974 2597 1045 2654 epp.
1071 2579 1272 2640 Corinthiaco
1296 2577 1331 2656 (ξ
1354 2579 1406 2655 35)

181 2679 211 2735 et
232 2678 419 2736 Plataeense
441 2675 476 2754 (ξ
499 2675 562 2754 50).
956 2679 958 2684 ’

219 2776 288 2834 Iam
318 2793 406 2834 nunc
432 2776 464 2834 in
493 2776 601 2851 aprico
628 2776 752 2850 estiis,
784 2775 839 2850 qui
861 2776 1120 2834 reconstruendis
1143 2776 1327 2834 Dinomenis
1349 2776 1407 2833 iili-

180 2891 271 2932 orum
293 2874 435 2933 donariis
456 2891 585 2949 operam
608 2874 700 2948 dent,
732 2875 852 2933 nullam
876 2874 1030 2932 rationem
1052 2891 1122 2932 esse
1143 2873 1324 2933 habendam
1345 2874 1407 2949 epi-

181 2972 368 3046 grammatis
398 2974 504 3030 textus
539 2971 572 3030 S.
607 2971 782 3030 Traditioni
814 2973 920 3030 autem
949 2972 974 3030 A
1002 2989 1065 3030 non
1095 2971 1197 3047 magis
1224 2972 1285 3031 hac
1312 2973 1344 3030 in
1375 2989 1409 3029 re

181 3069 351 3143 quicquam
373 3085 444 3128 esse
463 3068 667 3129 tribuendam
689 3069 963 3128 demonstrabitur
983 3069 1015 3127 in
1038 3070 1092 3128 alt.
1117 3087 1147 3144 p.
1172 3069 1203 3127 h.
1229 3087 1341 3128 comm.

220 3165 240 3244 ,6
264 3169 311 3226 77.
351 3165 403 3225 Dc
423 3165 639 3226 Aristodemo·
660 3165 868 3226 testimonio
909 3166 1035 3226 Scholia
1058 3166 1227 3226 Pindarico
1245 3170 1408 3242 praeterea

180 3265 276 3324 unius
304 3265 543 3339 epigrammatis
571 3266 754 3339 ceteroquin
782 3265 882 3341 ignoti
905 3267 1117 3324 servaverunt
1138 3249 1333 3324 memoriani.
1368 3266 1408 3324 ln

181 3364 341 3438 prooemio
368 3363 463 3439 odae,
495 3380 578 3437 quae
606 3365 724 3438 scripta
752 3366 800 3422 est
827 3365 860 3421 in
887 3363 1039 3422 honorem
1064 3362 1199 3439 Sogenis
1221 3363 1408 3422 Thearionis

180 3461 251 3536 tilii,
276 3461 462 3536 Aeginetae,
487 3464 613 3536 egente
626 3461 885 3536 Euxenidarum,
911 3461 966 3535 qui
981 3462 1098 3520 Nemea
1113 3462 1318 3535 quinquertio
1332 3480 1408 3536 pue-

181 3575 288 3617 rorum
312 3558 447 3633 vicerat,
475 3561 567 3633 poeta
588 3575 646 3617 cur
668 3558 828 3634 Ilithyiam
851 3559 1030 3635 invocaret,
1055 3560 1148 3618 valde
1169 3561 1291 3618 veteres
1313 3560 1408 3618 inter·

181 3659 283 3730 pretes
312 3656 449 3715 vexavit.
484 3657 560 3714 Post
588 3657 696 3715 varias
722 3658 947 3731 explicationes
973 3659 1176 3716 enumeratas
1198 3657 1339 3715 scholion
1363 3657 1409 3715 sic

181 3754 282 3830 pergit
312 3752 357 3829 (p.
387 3753 446 3813 475
473 3753 589 3829 Bkh.):
614 3751 909 3832 Ἀριστόδημος
938 3753 991 3831 (cf.
1016 3754 1113 3813 FHG.
1138 3755 1199 3812 III.
1224 3752 1296 3828 309)
1327 3750 1361 3812 δὲ
1390 3751 1408 3812 ὁ

177 3849 380 3930 Ἀριστάρχου
401 3849 549 3929 μαθητὴς
569 3848 689 3927 βέλτιον
711 3850 795 3912 οὕτω
817 3851 913 3931 (μησίν
936 3852 1016 3929 (scil.
1038 3853 1071 3911 in
1093 3853 1174 3912 libro
1194 3848 1265 3928 περί
1289 3847 1407 3910 [lodd-

182 3947 267 4026 ρου)·
296 3947 361 4028 ὀιμέ
379 3970 455 4008 ποτε
476 3954 521 4027 τῷ
546 3945 703 4027 Θεαρίωνι
723 3947 777 4010 καί
798 3947 885 4027 παρὰ
907 3947 962 4028 τὴν
983 3947 1105 4029 ἡλικίαν
1125 3947 1297 4028 προήκοντι
1318 3947 1407 4017 εὖξα-

181 4046 268 4126 μένῳ
287 4051 323 4126 τῇ
341 4046 412 4125 θεῷ
428 4043 563 4126 Σωγένη
583 4046 794 4128 τεκνωθῆναι,
816 4045 870 4107 καί
886 4045 942 4126 τὴν
956 4051 1010 4107 τοῦ
1025 4045 1139 4115 παιδὸς
1154 4045 1250 4107 αὐτοῦ
1267 4047 1408 4126 γέννησιν

183 4142 247 4204 οἷον
274 4141 451 4210 Εἰλειθυίας
477 4141 554 4204 εἶναι
575 4144 678 4224 χάριν·
702 4144 752 4206 διὰ
774 4145 829 4225 τὴν
849 4143 986 4225 ἰδιότητα
1009 4149 1085 4224 γοῦν
1106 4150 1160 4225 τῆς
1181 4145 1339 4222 γενέσεως,
1353 4149 1408 4205 τοῦ

184 4239 320 4322 ἀθλητοῦ
343 4240 426 4320 πρὸς
445 4241 501 4322 τὴν
521 4241 599 4302 θεὸν
620 4243 734 4323 ταύτην
754 4242 898 4322 ἐπήρεισε
918 4241 972 4304 τὸν
992 4241 1100 4321 λόγον·
1127 4243 1339 4304 ἐπιστοῦτο
1368 4242 1409 4302 dd

185 4344 296 4401 τοῦτο
327 4339 369 4410 ἐξ
400 4339 710 4419 ἐπιγράμματος
737 4339 985 4418 Σιμωνίδου.
1023 4342 1241 4401 Schneidewin
1265 4341 1309 4418 (p.
1334 4341 1407 4417 216)

185 4440 212 4496 et
241 4440 347 4515 Bergk
382 4437 435 4515 (fr.
468 4437 538 4516 166)
572 4440 659 4498 nullo
690 4440 917 4499 commentario
945 4441 1139 4499 instructum
1168 4440 1321 4514 praebent
1348 4439 1409 4498 hoc

185 4537 395 4596 testimonium
418 4569 456 4578 —
477 4537 571 4595 ceteri
592 4539 723 4596 omnino
744 4538 776 4596 ld
797 4539 971 4614 neglegunt
981 4535 1021 4614 95)
1044 4570 1096 4613 —,
1124 4539 1184 4596 nisi
1196 4537 1282 4612 quod
1294 4537 1409 4596 deiide

188 4680 340 4688 ψ.-

199 4757 248 4820 θῡ)
282 4761 368 4810 Etiam
387 4760 534 4824 llaurette,
559 4777 722 4825 quamquam
743 4778 764 4824 p.
784 4761 816 4808 29
834 4777 890 4825 sqq.
910 4763 941 4810 de
958 4763 1118 4810 testimoniis
1136 4763 1204 4825 apud
1224 4763 1409 4824 grammaticos

187 4846 289 4895 servatis
306 4847 452 4912 disputans.

1234 4931 1237 4938 .
1275 4927 1308 4980 9,
