3516 5712
775 527 831 586 153
1321 526 1341 604 s
1364 527 1413 587 91.

349 710 507 790 Στροῖβον
527 717 598 783 παῖ,
620 710 686 773 τόδ’
704 711 846 790 ἄγαλμα,
869 711 1074 791 Λεώκρατες,
1096 709 1158 773 εὖτ’
1176 712 1339 792 ἀνέθηκας

385 808 504 890 Ἑρμῇ,
525 809 739 889 καλλικόμονς
760 809 820 871 οὐκ
842 810 954 879 ἔλαθες
975 809 1132 890 Χάριτας,

188 911 269 984 lapis
300 911 383 968 enim
419 908 548 987 (prioris
580 912 681 986 partis
713 912 830 970 saeculi
857 909 991 987 quinti),
1025 914 1058 970 in
1087 930 1152 987 quo
1178 911 1416 987 epigrammatis

189 1007 341 1081 reliquias
362 1009 493 1083 agnovit
512 1009 658 1068 Wilhelm
682 1007 734 1086 (cf.
759 1008 778 1084 ξ
801 1009 905 1086 41,2),
931 1010 1029 1068 altero
1051 1011 1136 1069 caret
1156 1009 1306 1068 disticho:
1334 1059 1337 1064 .

349 1102 420 1164 οὐδ’
440 1103 652 1184 Ἀκαδήμειαν
672 1105 874 1183 πολυγαθέα,
896 1111 950 1184 τῆς
970 1105 1003 1166 ἐν
1024 1105 1151 1185 ἀγοστῷ

388 1200 447 1282 σλγν
468 1202 646 1282 εὐεργεσίην
667 1209 712 1282 τῷ
732 1202 893 1281 προσιόντι
914 1202 1007 1282 λέγω.

189 1299 347 1367 Quoniam
375 1300 528 1377 pleraque
553 1302 651 1361 huius
672 1303 907 1363 Anacreonteae
928 1303 1019 1362 seriei
1041 1305 1270 1379 epigrammata
1291 1321 1330 1362 ex
1352 1320 1417 1362 uno
1533 1357 1537 1366 .

190 1401 337 1458 constant
367 1399 503 1458 disticho
535 1398 688 1476 (exceptis
718 1417 767 1476 ep.
799 1402 902 1476 primo
934 1402 986 1460 Vl.
1020 1401 1075 1459 134
1109 1403 1139 1460 et
1170 1418 1219 1476 ep.
1252 1401 1304 1459 Vl.
1338 1399 1414 1475 143,

189 1498 274 1571 quod
288 1499 512 1557 elementarem
527 1498 670 1557 ordinem
686 1499 832 1558 deserere
847 1497 1011 1575 vidimus),
1030 1499 1194 1574 probabile
1208 1501 1255 1558 est
1271 1502 1417 1558 nostrum

189 1613 253 1672 ep,
275 1613 351 1654 cum
365 1614 383 1654 a
399 1596 624 1655 concinnatore
640 1596 785 1673 Sylloges
801 1597 1035 1657 Anacreonteae
1050 1598 1252 1672 reciperetur,
1274 1597 1417 1655 nondum

187 1681 287 1752 altero
308 1694 444 1752 disticho
464 1694 565 1752 fuisse
586 1695 768 1754 adauctum.
813 1695 903 1764 Quae
924 1696 1064 1771 suspicio
1085 1695 1193 1755 statim
1215 1695 1346 1754 certiore
1367 1712 1416 1753 ar-

189 1795 341 1868 gumento
362 1791 615 1851 confirmabitur.

227 1890 274 1948 Ad
302 1906 373 1948 eam
401 1889 637 1964 quaestionem,
672 1907 755 1964 quae
782 1893 830 1948 est
858 1890 898 1948 de
925 1890 1022 1948 huius
1050 1890 1289 1966 epigrammatis
1317 1889 1416 1948 titulis

189 1987 462 2062 discrepantibuS,
487 1986 691 2061 solvendam,
715 1987 949 2046 examinandus
971 1990 1019 2046 est
1041 1989 1119 2046 alter
1140 1988 1229 2047 locus
1251 1987 1304 2045 VI.
1329 1984 1413 2061 213⁸,

189 2085 241 2142 ubi
262 2103 312 2160 ep.
334 2085 451 2160 legitur
469 2081 648 2144 Simonidi
667 2085 872 2160 attributum.
892 2086 941 2143 Ibi
959 2087 1045 2144 extat
1062 2086 1095 2143 in
1114 2085 1196 2144 serie
1213 2081 1418 2144 Simoniden

191 2181 254 2258 (VI.
273 2180 460 2258 212-217),
481 2183 573 2241 cuius
588 2182 732 2268 'primum
750 2184 947 2258 epigramma
963 2183 1015 2242 VI.
1037 2183 1095 2242 212
1111 2187 1159 2242 est
1178 2182 1255 2242 Sim.
1273 2199 1322 2257 ep.
1343 2181 1413 2256 164,

189 2281 270 2354 quod
294 2281 443 2340 consulto
464 2282 564 2339 totum
586 2280 734 2339 exhibeo:
759 2323 761 2326 -

348 2374 441 2455 εὔχεό
462 2397 508 2436 τοι
530 2375 676 2454 δώροισι,
698 2374 828 2446 Κύτων,
850 2375 928 2438 θεὸν
949 2374 1015 2438 ὦδε
1036 2382 1172 2456 χαρῆναι
1275 2377 1278 2384 ’

390 2471 550 2553 Λητοΐδην
571 2473 691 2554 ἀγορῆς
712 2473 902 2554 καλλιχόρου
922 2474 1087 2553 πρύτανιν,

348 2571 458 2650 ὥσπερ
479 2570 543 2632 ὑπὸ
564 2572 675 2643 ξείνων
696 2594 727 2632 τε
747 2571 801 2632 καὶ
821 2573 855 2633 οἳ
872 2572 992 2633 ναίουσι
1013 2570 1178 2650 Κόρινθον

390 2669 478 2731 αἶνον
500 2671 579 2750 ἔχεις
599 2671 750 2751 χαρίτων,
772 2670 925 2739 δέσποτα,
947 2675 1009 2738 τοῖς
1029 2669 1209 2748 στεφάνοις,

189 2770 323 2828 alterum
354 2770 422 2847 (Vl.
447 2769 520 2847 213)
550 2773 597 2830 est
625 2771 828 2846 choregicum
849 2771 1045 2846 epigramma
1069 2770 1142 2845 145,
1174 2770 1293 2843 inquo
1317 2769 1417 2828 Simo·

189 2868 278 2926 nides
306 2869 543 2944 quinquaginta
572 2886 628 2928 sex
656 2869 805 2928 victorias
833 2869 967 2945 cyclicas
994 2887 1028 2927 se
1049 2870 1230 2943 reportasse
1250 2869 1417 2942 professus

188 2969 251 3040 est,
275 2967 406 3025 tertium
426 2965 492 3042 (VI.
512 2964 599 3042 213*)
620 2968 816 3043 epigramma
832 2970 996 3040 nostrum,
1021 2966 1109 3040 quod
1123 2966 1293 3024 exhibetur
1307 2965 1417 3024 eodem

188 3064 307 3122 ambitu
333 3065 486 3140 (ducrum
507 3063 729 3136 distichorum)
753 3067 849 3138 atque
869 3065 922 3123 VI.
946 3065 1013 3123 144.

228 3163 320 3220 Nunc
341 3162 419 3220 mihi
443 3162 561 3221 utenda
582 3164 630 3221 est
651 3163 816 3237 inscriptio
837 3163 1004 3237 choregica
1023 3162 1101 3222 OIA.
1123 3157 1185 3221 III.
1206 3160 1245 3220 82
1263 3179 1286 3221 α
1307 3179 1338 3236 p.
1357 3160 1416 3219 484

189 3287 228 3309 =
262 3261 382 3319 Kaibel.
409 3259 482 3336 (Ep.
507 3261 562 3320 Gr.
589 3260 718 3336 Suppl.)
747 3262 806 3320 Rh.
830 3262 914 3319 Mus,
939 3261 987 3319 34.
1014 3259 1091 3319 1879
1117 3278 1148 3334 p.
1174 3259 1231 3318 202
1259 3277 1290 3318 n.
1315 3258 1373 3318 928
1395 3275 1419 3317 α

188 3359 320 3417 Athenis
340 3361 481 3434 reperta,
505 3358 617 3417 aetatis
634 3360 812 3434 Romanae,
837 3377 934 3433 quam
951 3361 1022 3433 post
1038 3357 1245 3426 imitationem
1260 3358 1417 3432 epigram·

189 3456 283 3514 matis
311 3455 468 3531 choregici
500 3456 672 3515 Simonidei
695 3457 752 3515 147
775 3455 828 3534 (ci.
853 3455 872 3533 ξ
896 3454 1017 3531 131,4),
1049 3456 1211 3514 continere
1231 3455 1333 3512 nostri
1353 3454 1417 3527 epi-

188 3554 376 3629 grammatis
398 3553 604 3613 imitationem
626 3558 719 3612 acuta
740 3557 788 3612 est
811 3555 967 3612 Wilhelmi
989 3571 1019 3628 p.
1040 3554 1099 3612 232
1120 3552 1315 3611 observatio:

262 3647 266 3650 ’
349 3650 385 3716 ὃς
416 3648 450 3709 δὲ
481 3647 538 3710 σὺν
569 3649 718 3728 εὐτεχνιήι
749 3673 779 3710 τε
807 3649 872 3728 καὶ]
896 3649 1020 3728 ἀγλαίηι
1041 3648 1106 3710 τόδ’
1124 3646 1260 3724 ἔτευξε[ν

328 3765 455 3808 nornen
476 3746 625 3808 artificis
646 3746 872 3826 καλλικόμοος]
896 3747 956 3808 οὐκ
978 3747 1092 3808 ἔλαθεν
1113 3744 1278 3824 Χάρι[τας.

192 3847 454 3923 Supplementum
483 3864 597 3905 versus
620 3846 634 3905 1
658 3847 790 3906 dubium
815 3847 946 3906 Kaibelii
967 3850 1031 3922 est,
1063 3864 1177 3904 versus
1199 3844 1330 3904 alterius
1351 3861 1416 3902 cer-

189 3948 256 4003 tum
285 3945 453 4003 Wilhelmi.
488 3945 587 4004 Miror
615 3947 721 4004 autem
751 3945 856 4004 virum
885 3946 923 4004 cl.
951 3946 1100 4019 latuisse,
1132 3962 1215 4019 quae
1236 3943 1355 4002 utilitas
1377 3960 1416 4001 ex

190 4043 248 4102 hac
277 4043 484 4117 inscriptione
515 4044 633 4118 percipi
664 4045 781 4118 posset.
818 4043 990 4111 Quaeritur
1021 4044 1124 4117 enim,
1157 4042 1236 4118 ¹quid
1265 4041 1416 4099 carminis

191 4143 350 4199 auctorem
372 4140 522 4214 moverit,
548 4143 583 4199 ut
605 4144 677 4215 post
698 4140 937 4215 inscriptionem
959 4138 1174 4218 chorepiccm
1194 4158 1233 4198 ex
1251 4139 1417 4214 choregico

190 4237 416 4313 epigrammate
448 4238 631 4297 Simonideo
663 4238 720 4297 147
749 4256 952 4313 expressam,
986 4240 1046 4297 hoc
1072 4238 1259 4312 praesertim
1288 4255 1416 4297 carmen

193 4336 257 4414 QVI.
283 4337 339 4395 144
368 4361 406 4384 =
432 4334 521 4412 213⁸)
544 4337 698 4411 arriperet
720 4337 759 4395 ad
782 4338 979 4396 monumenti
1001 4337 1155 4395 artificem
1177 4336 1412 4395 celebrandum.

193 4431 347 4499 Quoniam
373 4434 406 4491 in
429 4433 489 4491 ΑΡ.
514 4436 625 4492 nostro
646 4434 867 4509 epigrammati
888 4435 921 4492 in
944 4435 1025 4493 serie
1049 4435 1230 4494 Simoniden
1254 4432 1320 4509 (Vl.
1342 4432 1414 4509 213)

193 4532 402 4604 praemittitur
429 4533 624 4608 epigramma
653 4531 869 4609 chorepicum
900 4533 1117 4592 Simonideum
1146 4535 1281 4592 alterum
1309 4531 1413 4609 (145),

194 4645 242 4686 res
272 4630 511 4705 explicationem
543 4631 638 4690 habet
669 4632 813 4706 facilem,
849 4631 876 4688 si
908 4632 1066 4691 sumimus
1098 4631 1288 4690 imitatorem
1320 4647 1416 4690 usum

192 4741 260 4784 esse
279 4729 545 4804 epigrammatum
563 4730 743 4789 collectione
760 4747 833 4787 cum
851 4729 915 4788 ΑΡ.
934 4732 1068 4805 cognata
1087 4727 1216 4804 (Coron.
1236 4727 1414 4803 Meleagri,

193 4822 225 4879 in
249 4842 312 4898 qua
337 4827 376 4884 iis
401 4826 599 4901 temporibus
620 4829 848 4903 epigrammate
872 4828 950 4886 Sim.
973 4828 1030 4886 147
1052 4827 1218 4902 choregico
1238 4844 1287 4901 ep.
1310 4827 1416 4885 chore-
