3546 5724
404 505 480 590 Gap.
509 505 552 574 11.
997 513 1035 576 68

403 703 471 760 erat
499 708 528 760 et
556 700 588 761 in
618 700 730 761 ceteris
751 700 913 760 codicibus
936 701 1063 760 Dioneis
1085 701 1255 776 praebetur
1277 693 1306 761 ‹i›
1328 698 1396 772 ξένε
1418 702 1470 781 (ex
1492 695 1521 764 ὦ
1543 701 1627 781 ξὲνε,

403 800 472 858 sine
493 799 623 858 elisione
643 799 778 874 scripte,
804 817 867 858 non
889 799 1045 858 intellecto
1066 801 1189 874 ortum,
1214 800 1253 859 ci.
1271 800 1395 859 Wilam.
1414 820 1444 877 p.
1460 802 1518 862 307
1534 821 1565 862 n.
1583 801 1628 877 l);

402 898 542 972 optimus
564 901 669 956 autem
692 897 796 957 scriba
819 897 974 973 sagaciter
993 896 1209 956 Herodoteum
1227 899 1466 974 epigrammatis
1484 899 1522 959 92
1540 918 1629 960 exor-

402 996 491 1054 dium
526 995 711 1056 recordatus
748 990 791 1071 (ὠ
826 992 919 1064 ξεῖν’
953 991 1124 1071 ἀγγέλλειν)
1158 996 1279 1055 hiatum
1312 997 1475 1056 eliminare
1506 999 1630 1056 studuit

404 1091 457 1169 (ci.
494 1091 514 1171 ς
548 1090 630 1169 139).
665 1094 775 1167 Neque
795 1110 854 1167 pro
875 1091 1109 1167 praepositione
1129 1091 1209 1168 μετ’,
1233 1109 1316 1168 quae
1337 1096 1385 1152 est
1406 1096 1539 1156 mutatio
1562 1096 1629 1156 Col-

402 1191 543 1266 lectoris,
574 1209 613 1250 ex
641 1190 722 1249 trad.
748 1190 773 1248 A
801 1188 882 1268 ἄμμ’
901 1191 1052 1250 daturum
1075 1190 1176 1249 fuisse
1201 1191 1308 1250 virum
1329 1192 1366 1250 cl.
1392 1195 1485 1268 pute,
1518 1193 1544 1251 si
1567 1196 1629 1252 tra·

401 1289 557 1348 ditionum
578 1290 604 1348 A
625 1292 656 1348 et
679 1288 700 1347 S
723 1289 939 1348 condicionem
961 1288 1172 1363 cognovisset.
1213 1290 1307 1349 Ecce:

603 1382 631 1446 ὥ
652 1384 735 1456 ξένε,
757 1382 894 1462 εὔυδρόν
914 1383 984 1446 ποτ’
1002 1384 1147 1463 ἐναίομεν
1168 1384 1244 1446 ἄστυ
1268 1383 1448 1464 Κορίνθου,

642 1487 698 1544 νῦν
720 1481 754 1543 δὲ
775 1482 854 1561 μετ’
873 1481 1008 1550 Αἴαντος
1029 1487 1124 1550 νᾶσος
1145 1483 1207 1562 ἔχει
1227 1481 1381 1561 Σαλαμίς.

602 1580 688 1658 ῥεῖα
717 1579 758 1640 δὲ
788 1579 954 1648 Φοινίσσας
975 1586 1053 1661 νῆας
1074 1580 1128 1642 καὶ
1148 1579 1278 1659 Πέρσας
1299 1581 1418 1650 ἑλόντες

641 1678 695 1740 καὶ
716 1677 854 1759 Μήδους
875 1678 961 1757 ἱερὰν
979 1677 1102 1740 Ἑλλάδ
1121 1678 1381 1759 ἱδρυσάμεθα
1391 1727 1565 1741 ......
1593 1683 1625 1742 S.

402 1780 551 1854 Lapidem
571 1779 677 1854 ipsum
696 1796 781 1838 anno
799 1779 875 1838 1897
893 1779 1030 1854 repperit
1047 1782 1143 1853 atque
1158 1780 1289 1855 agnovit
1305 1781 1487 1856 Dragumis.
1513 1781 1551 1839 In
1565 1798 1629 1855 quo

400 1875 596 1952 epigramma
618 1876 723 1951 priore
745 1875 879 1934 disticho
901 1874 1082 1934 absolutum
1101 1875 1162 1951 legi
1177 1876 1291 1934 eximio
1306 1877 1453 1936 acumine
1466 1878 1628 1953 perspexit

400 1975 607 2034 Wilamowitz
628 1973 685 2050 47):

602 2067 630 2130 ὠ
658 2071 741 2141 ξὲνε,
769 2068 921 2148 εὔυὸρ]όν
942 2070 1017 2131 ποκ’
1035 2069 1179 2148 ἕναίομες
1200 2070 1276 2132 ἄστυ
1299 2071 1442 2151 Ωορίνθο

600 2173 656 2229 νῦν
678 2167 707 2228 δ’
726 2167 786 2247 ἁμὲ
805 2165 955 2246 Αίο]ντος
978 2167 1087 2246 [νᾶσος
1108 2168 1169 2248 ἔχει
1191 2166 1335 2246 Σαλαμίς
1376 2216 1382 2228 .
1408 2215 1414 2228 .
1441 2215 1447 2228 .
1474 2215 1480 2228 .
1512 2215 1517 2228 .
1543 2215 1549 2228 .
1574 2171 1624 2229 A'.

441 2270 554 2342 Itaque
581 2269 713 2343 apparet
742 2267 943 2344 Collectorem
975 2268 1006 2326 in
1038 2267 1188 2344 Syllogen
1220 2267 1435 2327 Simonideam
1456 2285 1521 2326 non
1545 2285 1627 2327 rece·

400 2368 487 2442 pisse
514 2366 727 2442 epigramma,
759 2366 852 2440 quale
880 2383 990 2424 revera
1019 2366 1051 2423 in
1080 2365 1184 2440 lapide
1211 2370 1332 2425 extaret
1360 2361 1445 2442 (Ab,
1476 2366 1532 2424 sed
1559 2367 1627 2424 eius

400 2464 536 2523 formam
565 2464 739 2538 noviciam,
770 2480 867 2537 quam
896 2463 928 2521 in
957 2463 1126 2529 traditione
1155 2460 1330 2523 litteraria
1359 2460 1426 2539 (A’)
1457 2463 1623 2522 induisset.

400 2562 439 2620 In
460 2579 529 2621 eam
553 2561 693 2620 exercuit
715 2563 815 2620 artem
837 2561 977 2621 criticam
1001 2559 1053 2638 (ci.
1080 2558 1203 2638 §139).
1229 2562 1321 2631 Quod
1336 2562 1397 2636 ipsi
1411 2562 1455 2620 illi
1470 2562 1625 2637 epigram-

400 2659 476 2718 mati
503 2659 667 2720 Oorinthio
689 2675 817 2733 pannus
838 2661 970 2718 assutus
992 2661 1040 2718 est
1061 2659 1153 2718 facile
1174 2660 1359 2734 explicatur.
1391 2659 1564 2719 Corinthiis
1586 2661 1625 2719 ad

400 2760 520 2817 ceteras
538 2757 771 2832 inscriptiones
789 2774 870 2832 quas
887 2758 928 2816 ad
944 2759 1095 2817 virtutem
1111 2775 1204 2817 suam
1219 2759 1399 2817 testandam
1412 2760 1523 2817 contra
1534 2759 1626 2816 Athe·

400 2854 559 2914 niensium
574 2855 809 2914 criminationes
824 2856 1016 2930 attulerunt,
1040 2858 1202 2931 quattuor,
1227 2855 1339 2915 cotidie
1357 2856 1484 2931 patebat
1499 2856 1624 2928 aditus;

399 2953 595 3028 epigramma
626 2955 732 3012 autern
763 2953 849 3028 quod
881 2950 1061 3013 Salamine
1091 2953 1243 3012 marmori
1274 2953 1464 3028 inscriptum
1495 2956 1564 3013 erat
1590 2971 1626 3012 eo

400 3052 502 3126 magis
531 3051 686 3110 rhetorico
715 3051 929 3110 additamento
958 3051 1069 3126 augeri
1097 3051 1214 3126 potuit,
1246 3052 1332 3125 quod
1353 3051 1490 3110 habebat
1512 3053 1625 3127 gemel·

398 3148 465 3206 lum
487 3165 535 3224 ep.
555 3146 620 3225 (97)
644 3148 830 3224 cenotaphio
851 3149 884 3206 in
906 3146 1037 3208 Isthmo
1052 3149 1256 3223 inscriptum,
1280 3166 1320 3207 ex
1334 3166 1399 3223 quo
1414 3149 1626 3223 supplementi

399 3247 546 3306 materies
573 3247 635 3322 peti
657 3249 777 3321 posset3
808 3247 894 3321 quod
917 3263 1027 3305 revera
1049 3246 1167 3305 iactum
1190 3249 1254 3321 est,
1280 3264 1352 3306 nam
1373 3242 1506 3305 Ἑλλάδα
1529 3243 1625 3323 ῥυσά-

398 3342 484 3422 μεθα
509 3343 587 3421 (non
609 3341 755 3421 ῥυόμεθα
764 3341 785 3420 l)
809 3344 850 3403 ad
871 3343 1110 3419 epigrammatis
1131 3343 1170 3403 97
1189 3344 1286 3403 verba
1301 3340 1434 3403 Ἑλλάδα
1455 3340 1624 3421 ῥυσάμενοι

398 3443 473 3502 ficta
497 3460 568 3501 esse
594 3443 752 3501 videntur.
787 3441 872 3500 Huic
892 3442 1113 3517 epigrammati
1134 3442 1266 3517 gemello
1288 3442 1395 3501 itidem
1416 3443 1526 3516 postea
1549 3461 1625 3517 aug·

398 3543 541 3600 mentum
576 3541 672 3616 idque
703 3541 841 3601 duorum
872 3541 1081 3599 distichorum
1112 3544 1161 3599 est
1192 3541 1395 3616 adiunctum,
1435 3540 1489 3599 sed
1523 3558 1626 3616 neque

398 3638 484 3713 apud
515 3639 697 3699 Corinthios
731 3639 783 3715 (ci.
821 3637 840 3716 ξ
869 3639 905 3698 61
939 3656 971 3697 n.
1003 3638 1041 3698 49
1073 3642 1103 3697 et
1136 3636 1155 3715 ξ
1185 3638 1223 3698 29
1256 3657 1286 3697 n.
1318 3635 1370 3714 26)
1404 3655 1508 3712 neque
1539 3639 1623 3714 apud

398 3737 564 3811 Ephorum
588 3736 683 3813 (Plut.
709 3736 770 3813 ll.)
794 3755 897 3812 neque
917 3737 949 3795 in
974 3736 1103 3812 Sylloge
1127 3734 1201 3812 (AP.
1222 3737 1292 3795 VII.
1314 3737 1389 3811 250,
1417 3735 1625 3795 Stadtmiiller

398 3835 481 3893 enim
502 3835 619 3894 iniuria
641 3836 726 3895 dedit
741 3853 869 3894 carmen
884 3853 922 3894 ex
937 3835 1041 3895 tribus
1056 3834 1199 3894 distichis
1215 3831 1398 3910 constans),
1424 3835 1480 3893 sed
1496 3835 1624 3894 demum

398 3934 484 4008 apud
520 3933 687 3993 Aristidem
716 3934 756 3992 de
783 3933 952 4008 paraphth.
987 3932 1042 3991 163
1071 3933 1108 3990 K.
1142 3931 1194 4009 (oi.
1231 3930 1250 4009 ξ
1280 3928 1343 4007 61).
1379 3932 1624 4008 Inscriptionem

398 4033 558 4108 Corinthi,
597 4032 652 4091 ubi
686 4032 727 4092 ab
763 4049 957 4107 unoquoque
987 4031 1124 4090 conferri
1153 4033 1318 4106 potuerat,
1350 4030 1544 4105 interpolare
1572 4031 1625 4088 vix

397 4131 567 4206 quisquam
590 4147 691 4190 ausus
712 4132 795 4189 esset
815 4128 866 4204 48).

429 4413 464 4476 47)
501 4416 592 4465 llaihel
609 4416 661 4464 iam
681 4420 785 4478 propter
802 4414 908 4464 distichi
926 4415 1037 4463 alterius
1053 4414 1210 4464 rhetoricam
1226 4414 1342 4464 indolem
1359 4419 1445 4464 totum
1461 4416 1624 4480 epigramma

397 4502 546 4565 posterioris
572 4502 697 4564 temporis
722 4515 778 4550 esse
805 4506 952 4563 putaverat.
989 4500 1075 4558 Quare
1095 4500 1190 4564 Preger
1208 4498 1246 4562 (6)
1265 4501 1317 4549 duo
1335 4501 1528 4570 epigrammata
1545 4503 1624 4552 unius

396 4587 501 4635 distichi
525 4587 626 4635 diversa
650 4587 675 4635 in
700 4586 792 4634 eodem
816 4587 901 4648 lapide
918 4586 1037 4634 extitisse
1056 4590 1113 4634 erat
1131 4585 1282 4643 arbitratus.
1310 4584 1368 4643 Qua
1385 4586 1417 4634 de
1434 4601 1515 4634 carisa
1533 4601 1623 4636 rursus

361 4653 365 4661 ’
397 4671 489 4733 lapidis
513 4671 646 4733 inventor,
672 4671 825 4734 lhagumis,
849 4669 1009 4719 desideravit
1032 4671 1147 4719 alterum
1171 4669 1299 4732 lapidem,
1324 4670 1349 4718 in
1374 4685 1427 4733 qno
1451 4685 1542 4720 versus
1559 4669 1622 4718 3-4

396 4759 556 4817 legerentur.
575 4754 671 4804 Verum
689 4755 753 4803 vidit
763 4755 954 4805 Wilamowitz:
969 4754 1165 4816 inscriptionem
1181 4769 1232 4802 rino
1246 4755 1357 4803 disticho
1371 4754 1453 4803 luisse
1466 4755 1621 4805 ahsolutum.

429 4839 464 4902 ¹¹⁸)
500 4841 668 4904 Epigramma
691 4839 752 4902 ihil,
777 4841 845 4903 quoii
871 4840 961 4889 itidem
987 4840 1012 4888 in
1038 4839 1179 4888 traditione
1204 4839 1333 4889 litteraria
1355 4839 1437 4888 altero
1456 4841 1566 4890 ilistieho
1584 4845 1622 4888 est
