3516 5712
776 531 814 596 oo
1234 530 1332 616 ςττ,
1358 533 1405 599 τε.

182 717 234 784 καί
282 719 468 803 κοιμηθέντι
522 722 660 803 παρέστη
714 726 769 785 τοῦ
824 721 842 785 ὁ
880 721 987 804 ταφεὶς
1024 722 1137 803 νεκρδς
1174 723 1334 804 ἐπιφανεὶς
1364 730 1410 806 τῴ

182 819 333 900 λειψάνου
351 819 386 882 τὸ
402 820 535 882 εἴδωλον
550 819 769 899 συμβουλεῦον
823 820 989 901 Σιμωνίδῃ
1012 820 1152 883 έκώλυσε
1172 821 1274 884 πλεῖν·

182 918 226 997 μή
250 916 346 978 πλεῖν.

183 1013 201 1075 ὁ
233 1013 267 1075 δὲ
298 1013 434 1083 ἀναστὰς
465 1021 527 1084 τοῖς
557 1022 683 1085 ναυτοῖς
714 1016 768 1078 ἀν-

183 1117 352 1174 εκοινοῦτο.
398 1113 428 1174 οῖ
455 1112 490 1175 δὲ
517 1113 562 1194 μὴ
591 1115 769 1183 πεισθέντες
824 1114 873 1176 διὸ
904 1119 968 1175 τῶν
999 1114 1223 1192 συμπλεόντων
1249 1115 1294 1195 μὴ
1323 1138 1408 1177 πεισ-

183 1209 354 1291 ἀνήγοντσ,
393 1210 488 1280 αὐτὸς
523 1211 557 1273 δὲ
591 1212 770 1291 κατέμεινεν
823 1211 947 1274 δέντων
967 1211 1062 1280 αὐτὸς
1082 1213 1190 1291 μείνας
1211 1211 1343 1293 σῴζεται

183 1308 262 1369 ἐκεῖ·
284 1313 416 1388 χειμῶνι
434 1308 469 1370 δὲ
485 1308 679 1389 χρησάμενοι
693 1331 768 1370 ναυ-

183 1405 262 1484 αγίῳ
282 1405 477 1485 περιέπεσον.

182 1503 234 1564 καὶ
265 1504 315 1565 ε’πὶ
346 1504 448 1584 τούτῳ
480 1511 554 1584 τιμᾷ
585 1503 771 1585 Σιμωνίδης
823 1505 877 1567 καὶ
912 1505 1077 1586 ἐπιγράφει
1108 1503 1180 1567 τάδε
1210 1501 1245 1565 τὸ
1276 1503 1410 1583 ε’λεγεῖον

183 1600 517 1682 αιἰτδνέπιχράμματι·
531 1622 606 1681 seq.
620 1623 673 1680 ep.
690 1605 766 1664 129.
823 1609 869 1682 τῷ
889 1601 999 1682 τάφῳ·
1023 1622 1098 1680 seq.
1123 1622 1176 1680 ep.
1202 1603 1268 1664 129.

221 1701 424 1778 Quamquam
446 1704 525 1762 haee
546 1704 665 1762 scholia
687 1702 923 1779 quodammodo
944 1705 1080 1778 cognata
1094 1719 1165 1761 esse
1180 1705 1326 1778 apertum
1341 1706 1406 1778 est,

183 1800 251 1859 iieri
273 1818 337 1859 non
360 1803 479 1876 potest,
510 1803 546 1860 ut
568 1802 763 1861 correctoris
785 1804 859 1860 nota
882 1801 922 1862 ad
945 1801 1103 1860 Coronam
1128 1801 1174 1878 (in
1196 1819 1259 1874 qua
1281 1804 1409 1876 praesto

182 1897 294 1957 fuisset
335 1898 531 1959 Soholiastae
568 1898 730 1976 Aristidis)
766 1902 920 1959 recurrat.
955 1900 1074 1958 Textus
1105 1899 1344 1974 epigrammatis
1376 1899 1409 1956 in

185 1995 287 2055 Sohol.
313 1997 366 2055 Ar.
391 1997 538 2057 diversus
559 2001 607 2056 est
629 2016 647 2057 a
668 2001 757 2056 textu
779 1997 987 2072 Anthologiae
1016 1997 1102 2074 (eum
1125 1997 1158 2054 in
1180 1997 1276 2055 sohol.
1302 2014 1405 2072 marg.

181 2094 248 2152 tum
266 2094 299 2152 in
318 2094 584 2170 epigrammatum
604 2093 714 2171 serie),
734 2095 892 2171 imprimis
910 2095 943 2153 in
962 2113 992 2153 v.
1013 2095 1047 2153 2:
1069 2094 1142 2154 Soh.
1164 2093 1257 2164 ζῶντι
1270 2093 1409 2172 παρέσχε

182 2189 272 2268 χάριν
300 2225 339 2233 -
364 2193 426 2251 ΑΡ.
458 2191 550 2263 ζῶντ’
579 2191 729 2253 ἀπέδωκε
756 2212 803 2272 χ.;
832 2194 865 2252 in
896 2193 1024 2253 Scholio
1045 2193 1190 2252 Palatino
1210 2192 1302 2250 etiam
1325 2209 1408 2251 eom-

182 2292 377 2348 memoratur
407 2307 456 2365 ep.
490 2290 568 2349 Sim.
601 2291 675 2367 128,
710 2293 795 2368 quod
824 2309 887 2351 non
917 2291 1006 2349 novit
1037 2290 1141 2350 Schol.
1172 2291 1242 2363 Ar.;
1272 2290 1409 2365 denique

184 2385 390 2446 Stadtmiiller
420 2386 473 2464 (oi.
504 2387 597 2466 §93)
627 2390 851 2450 animadvertit
879 2390 954 2449 talia
982 2389 1098 2449 oodiois
1127 2389 1261 2448 Palatini
1290 2389 1408 2448 soholia

182 2485 360 2560 conscripta
399 2502 470 2544 esse
506 2505 525 2545 a
563 2488 713 2547 Michaele
751 2488 955 2548 chartulario
975 2485 1036 2563 24),
1079 2487 1171 2545 ouius
1209 2487 1410 2562 Cephalanae

182 2582 390 2658 Anthologiae
417 2584 579 2660 exemplar
608 2619 645 2626 -
672 2601 711 2644 ex
740 2587 877 2662 Cephala
905 2586 977 2661 ipso
1004 2584 1198 2658 descriptum
1228 2618 1264 2626 —
1292 2584 1409 2643 oodiois

182 2679 318 2738 Palatini
340 2681 453 2740 scribis
475 2686 603 2758 praesto
623 2684 728 2742 iuerat
751 2685 804 2762 (oi.
831 2682 850 2762 ἕ
873 2682 910 2743 91
933 2702 965 2742 n.
991 2680 1126 2758 131)25).

219 2777 267 2835 Ad
289 2778 409 2837 iontem
433 2778 629 2840 Scholiastae
649 2783 909 2859 investigandum
924 2784 957 2842 in
976 2782 1245 2856 comparationem
1263 2780 1408 2839 vooanda

182 2877 257 2934 sunt
285 2879 389 2935 cetera
417 2877 457 2935 de
479 2877 653 2938 Simonidis
681 2882 805 2940 somnio
825 2881 1006 2940 testimonia
1027 2880 1104 2955 tria,
1129 2870 1270 2954 Libanii‚
1294 2878 1410 2950 Valerii

182 2973 329 3050 Maximi,
354 2975 515 3035 Cineronis
529 2975 580 3053 26).

306 3072 430 3132 Libanii
666 3078 768 3136 Valer.
793 3078 922 3136 Maxim.
1167 3075 1277 3134 Cicero

183 3167 321 3248 διήγημα
350 3169 422 3248 περὶ
442 3168 553 3249 Σιμω-
693 3176 718 3233 I.
745 3176 772 3234 7.
796 3178 858 3234 ext.
883 3175 901 3234 3
1052 3173 1092 3231 de
1113 3172 1210 3231 divin.
1236 3173 1262 3230 1.
1287 3172 1335 3230 27.
1361 3171 1398 3231 56

182 3265 268 3328 νίδου
285 3270 307 3328 t.
324 3269 368 3328 IV
379 3286 409 3344 p.
425 3269 501 3328 1101
514 3271 550 3330 R.
677 3269 732 3347 (de
752 3270 912 3350 somniis)

215 3463 351 3546 Ἐχώρει
364 3464 424 3544 μέν
434 3465 484 3527 ἒπλ
497 3464 554 3527 Τά-

183 3584 277 3640 ραντα
312 3561 498 3643 Σιμωνίδης
536 3565 555 3626 ὁ

183 3658 274 3730 Κεῖος
335 3661 555 3742 Λεωπρέπους
608 3666 635 3724 is
683 3663 741 3741 (so.
788 3663 981 3741 Simonides)

182 3760 319 3840 ποιητής.
372 3759 486 3839 νεκρὸν
520 3760 555 3822 δὲ
608 3764 709 3837 enim,
739 3780 811 3821 oum
838 3762 879 3820 ad
906 3763 983 3821 litus
1037 3763 1093 3839 qui
1122 3759 1179 3839 (so.
1214 3759 1406 3836 Simonides)

182 3855 303 3937 ἄταφον
348 3857 395 3926 ὡς
435 3858 554 3920 ἐπεῖδεν
609 3877 724 3920 navem
743 3861 919 3935 appulisset
936 3861 983 3918 in·
1038 3878 1110 3919 oum
1142 3860 1287 3935 ignotum
1309 3875 1407 3933 quen-

185 4010 343 4020 ᾖ..

212 4097 247 4161 24)
282 4102 303 4150 A
328 4101 457 4152 Michaele
479 4102 524 4152 illo
547 4102 629 4166 igitur
652 4101 762 4150 demum
785 4116 826 4164 ep.
843 4099 892 4150 128
915 4098 979 4162 (ΑΡ.
998 4101 1052 4151 Vll.
1075 4098 1135 4161 516)
1159 4115 1220 4149 oum
1245 4103 1334 4148 nostro
1355 4114 1409 4162 ep,

183 4199 294 4247 quocum
317 4186 342 4234 id
360 4191 418 4236 ante
435 4187 574 4236 cohaerere
592 4201 685 4237 omnes
702 4191 855 4236 asseverant
876 4185 982 4250 (Schn,
999 4187 1076 4250 ng.‚
1094 4186 1183 4249 Preg,
1202 4185 1298 4246 Hann,
1318 4184 1408 4233 Kaibel

185 4267 217 4317 Fi.
240 4271 279 4320 lb.
303 4269 360 4320 105.
384 4270 458 4320 1871,
482 4269 543 4321 795:
568 4269 618 4321 ‘die
642 4270 736 4320 beiden
756 4271 937 4335 Epigramme,
961 4272 1002 4320 die
1021 4270 1154 4320 natiirlich
1172 4285 1224 4333 eng
1241 4283 1409 4318 zusammen-

184 4355 330 4419 gehoren')‚
353 4361 394 4406 est
411 4357 591 4406 coniunctum.
619 4356 766 4406 Substituit
783 4356 868 4405 verbis
885 4351 1024 4419 κοσμήσας
1042 4355 1069 4416 (ἰ.
1089 4370 1110 4404 e.
1129 4355 1199 4404 iusta
1216 4353 1333 4416 solvenS,
1357 4368 1409 4402 non

184 4433 355 4504 ἐπιγράμματι
372 4437 524 4504 κοσμήσας,
542 4443 600 4491 coll.
618 4442 678 4490 ller.
697 4440 753 4490 loco
771 4440 825 4488 Vll.
843 4438 906 4502 228,
924 4441 956 4489 ol.
975 4438 987 4500 ἕ
1005 4438 1049 4500 10)
1066 4435 1171 4502 ἔδαψεν
1187 4439 1256 4487 mele
1268 4439 1411 4487 intellectis

185 4518 273 4586 θάψας
298 4520 449 4589 ἐπέγραψεν
474 4530 604 4588 sequente
626 4525 818 4589 epigrammate
842 4523 899 4573 128.
926 4523 1019 4587 Neque
1043 4524 1070 4572 in
1094 4523 1189 4572 ceteris
1212 4522 1244 4571 de
1268 4522 1411 4571 Simonidis

185 4609 281 4658 somnio
298 4609 458 4659 testimoniis
477 4610 556 4659 huius
573 4609 773 4673 epigrammatis
792 4611 847 4658 ulla
866 4607 896 4658 fit
914 4609 1026 4672 mentio,
1044 4609 1076 4658 ci.
1095 4608 1165 4657 inira
1182 4612 1209 4656 et
1227 4605 1239 4668 ἓ
1256 4606 1313 4656 115.

215 4689 249 4754 25)
284 4693 415 4743 llauvette
432 4709 456 4757 p.
474 4691 506 4742 37
525 4693 616 4743 llilleri
634 4694 894 4758 argumentationem
912 4697 1012 4754 temere
1031 4693 1135 4755 recepit.

216 4773 250 4837 ²⁶)
281 4777 444 4828 'testimonia
467 4778 595 4828 nimirum
620 4779 673 4827 iam
697 4793 712 4826 a
735 4777 936 4827 Schneidewino
959 4764 1049 4827 omnia
1072 4777 1188 4826 adducta
1207 4783 1278 4826 sunt.
1305 4777 1410 4826 Tzetzos

188 4857 250 4911 Chii.
268 4861 285 4911 1,
302 4862 342 4912 tl.
360 4860 424 4926 632,
442 4863 540 4927 quippe
557 4865 604 4928 qui
622 4862 708 4927 Schol.
728 4861 857 4912 Aristiden
875 4860 919 4925 (ci.
938 4860 950 4924 ἓ
968 4860 1029 4924 115)
1048 4877 1112 4911 usus
1130 4861 1178 4925 sit,
1197 4862 1301 4926 neglegi
1317 4865 1408 4925 potest.

1275 4943 1309 5000 χιι
