3572 5716
373 511 449 587 Gap.
474 512 527 570 IV.
954 511 1013 572 236

414 697 433 775 §
465 697 531 758 138.
579 696 824 758 Proditionem
852 695 881 756 A
910 699 942 757 et
970 696 997 758 S
1022 696 1250 774 comparatio.
1295 700 1424 758 Praeter
1446 717 1483 758 ea
1504 716 1593 774 epp,

372 815 509 872 quorum
542 797 742 856 traditionem
771 797 796 855 Α
823 797 959 855 mutavit
987 797 1140 856 Collector
1170 795 1231 873 (Ι),
1262 797 1295 855 in
1325 798 1483 873 tabulam,
1516 815 1597 872 quae

373 895 517 970 sequitur
539 913 569 970 p.
588 893 696 970 238l9,
723 895 824 970 recepi
845 895 877 953 id
899 913 947 970 ep.
968 892 1041 971 (ΙΙ),
1066 895 1158 953 cuius
1179 895 1380 954 traditionem
1402 895 1441 953 A¹
1463 914 1536 954 eum
1559 895 1596 955 θ’

372 993 552 1068 coniunxit,
583 995 613 1051 et
641 1011 677 1052 ea
705 1011 775 1068 epp.
803 991 894 1068 (ΙΙΙ),
926 1011 1008 1066 quae
1029 993 1061 1051 in
1084 996 1222 1067 utraque
1243 993 1464 1052 traditionem
1487 995 1595 1052 eodem

371 1094 458 1148 textu
487 1090 655 1166 leguntur,
684 1108 778 1164 quem
806 1091 912 1165 ipsum
939 1091 1049 1150 allerri
1078 1107 1141 1149 non
1165 1107 1294 1150 necesse
1314 1093 1391 1149 erat.
1416 1091 1463 1149 Ad
1485 1108 1555 1166 epp.
1581 1092 1595 1148 Ι

370 1189 403 1245 in
434 1187 491 1246 col,
525 1189 543 1246 2
576 1188 739 1247 variarum
769 1188 939 1248 lectionum
972 1205 1144 1264 numeruS,
1180 1188 1234 1263 qui
1267 1189 1436 1264 respicitur
1470 1187 1489 1265 §
1520 1189 1592 1264 139,

370 1286 536 1360 appositus
557 1290 614 1345 est.

411 1385 450 1442 In
478 1384 666 1443 testimoniis
695 1384 867 1443 adiciendis
894 1384 1106 1443 imitationum
1135 1402 1209 1443 raro
1237 1383 1336 1443 habui
1357 1385 1521 1444 rationem.
1557 1386 1595 1442 In

370 1483 513 1542 lontibus
544 1483 751 1573 designandis
782 1482 961 1542 traditionis
993 1483 1018 1540 A
1049 1499 1113 1540 non
1145 1483 1230 1541 ultra
1261 1499 1317 1541 eos
1349 1483 1505 1556 processi,
1540 1483 1595 1557 qui

372 1581 535 1640 Collectori
568 1583 695 1655 praesto
723 1576 1118 1640 luerunt,'Deleusi0uem
1146 1581 1243 1656 igitur
1273 1580 1526 1656 Corinthiacam,
1557 1599 1595 1639 ex

371 1697 435 1753 qua
457 1680 607 1754 Ephorus
629 1693 699 1754 epp.
725 1679 926 1738 Corinthiaea
951 1676 985 1755 (ξ
1008 1677 1076 1754 29),
1102 1680 1151 1738 vel
1167 1679 1369 1738 traditionem
1385 1679 1591 1754 Spartanam,

371 1795 409 1835 ex
438 1795 501 1851 qua
530 1777 696 1836 arcessivit
722 1794 793 1851 epp.
825 1777 1108 1852 Thermopylensia
1133 1774 1168 1853 (ξ
1192 1774 1242 1853 17)
1267 1777 1466 1851 Herodotus,
1490 1777 1591 1835 omisi.

372 1876 420 1934 Ex
446 1875 601 1934 columnis
629 1875 820 1950 comparatis
848 1875 883 1950 6,
914 1874 946 1933 in
975 1892 1039 1949 qua
1067 1875 1140 1933 fons
1169 1875 1339 1934 testimonii
1367 1875 1409 1950 A,
1440 1877 1470 1932 et
1495 1874 1531 1949 9,
1562 1874 1609 1931 in.

371 1991 435 2048 qua
456 1973 528 2032 lons
550 1973 732 2033 Collectoris
753 1973 885 2048 legitur,
911 1973 1001 2032 lacile
1023 1973 1123 2032 videri
1144 1974 1248 2048 potest
1269 1990 1308 2031 ex
1325 1973 1437 2031 iisdem
1452 1972 1595 2030 fontibus

370 2075 400 2130 et
421 2071 453 2129 in
476 2072 647 2146 scriptores
670 2070 722 2147 (Α)
745 2075 775 2130 et
796 2072 828 2130 in
854 2071 1003 2148 Syllogeu
1029 2071 1243 2130 Simonideam
1265 2069 1317 2148 (8)
1334 2072 1510 2146 propagata
1525 2087 1596 2128 esse

370 2170 609 2246 epigrammata.
648 2169 810 2244 Imprimis
844 2170 964 2244 elucet,
1002 2186 1084 2243 quae
1118 2169 1237 2228 fuerint
1272 2169 1392 2244 Ephori
1423 2170 1531 2243 partes
1562 2167 1594 2225 in

370 2267 609 2343 epigrammatis
630 2267 805 2326 tradendis

413 2363 432 2442 5
464 2365 530 2425 139.
576 2364 627 2425 De
658 2363 857 2428 Collectoria
884 2366 959 2425 orte
987 2362 1117 2425 critica.
1163 2366 1317 2425 Collector
1345 2382 1417 2424 cum
1446 2365 1478 2422 in
1506 2367 1594 2423 textu

370 2465 634 2539 epigrammatum
663 2483 682 2524 a
709 2482 744 2524 se
769 2467 968 2540 receptorum
989 2467 1148 2524 exerceret
1169 2467 1269 2523 artem
1291 2463 1431 2523 criticam
1452 2464 1513 2522 tria
1535 2464 1594 2522 sibi

370 2563 577 2637 proposuisse
605 2563 739 2621 videtur.
774 2563 918 2620 Primum
946 2562 1021 2621 vitia
1049 2563 1228 2621 traditionis
1256 2562 1467 2636 dictionisque
1487 2562 1595 2620 tollere

371 2660 510 2734 studuit,
543 2660 656 2718 deinde
689 2660 785 2719 verba
816 2678 873 2735 per
905 2678 939 2719 se
970 2663 1054 2719 recta
1082 2661 1239 2735 quaedam
1268 2677 1339 2719 cum
1368 2659 1503 2718 aliorum
1532 2660 1593 2734 epi-

370 2761 604 2833 grammatum,
643 2775 726 2832 quae
751 2757 916 2823 ¹Simonidi
951 2758 1187 2833 vindicaverat,
1225 2757 1438 2817 locutionibus
1471 2758 1593 2832 conspi-

371 2874 442 2914 rare
472 2856 584 2932 iussit,
617 2856 819 2931 quorundam
848 2857 985 2931 denique
1011 2856 1276 2932 epigrammatum
1304 2855 1442 2915 indolem
1471 2858 1594 2914 mutare

371 2953 480 3013 voluit.

410 3051 508 3126 Vitia,
533 3069 615 3126 quae
637 3069 747 3112 revera
769 3053 869 3111 textui
889 3053 1114 3126 inhaerebant,
1139 3052 1363 3111 animadvertit
1384 3053 1415 3110 in
1438 3053 1593 3127 epigram-

371 3153 454 3209 mate
483 3150 540 3208 110
570 3147 622 3225 (ci.
649 3149 668 3227 ἓ
700 3149 815 3226 137,3).
848 3152 883 3209 V.
910 3151 924 3208 1
955 3148 1043 3228 νίκης
1063 3146 1168 3226 κράτει
1189 3148 1275 3227 ἔργῳ
1289 3147 1406 3228 Ἄρηος
1427 3167 1593 3225 perperam

369 3249 452 3307 tradi
479 3248 630 3306 intellexit
661 3245 902 3324 (ο1.8137,3),
934 3265 998 3322 qua
1019 3265 1053 3306 re
1074 3247 1237 3322 rescripsit
1259 3245 1354 3326 ῥώμῃ
1377 3246 1486 3326 χερός,
1511 3246 1592 3308 ἔ.’Ά.

372 3343 417 3422 (11.
450 3343 519 3422 12),
551 3363 581 3403 v.
612 3345 630 3403 2
662 3342 707 3421 (3)
737 3363 809 3405 eum
839 3363 903 3404 non
931 3346 1014 3421 fugit
1042 3346 1203 3419 corruptio
1230 3345 1263 3402 in
1285 3345 1392 3404 verbis
1414 3343 1593 3422 ἐλεύθερον

366 3440 489 3504 Ἑλλάδι
510 3439 618 3502 κοινὸν
641 3441 693 3519 (cf.
718 3441 828 3519 ibid),
854 3461 936 3519 quae
957 3461 1022 3502 non
1044 3443 1170 3501 sanavit
1190 3444 1253 3502 leni
1274 3444 1394 3503 medela
1416 3441 1590 3521 ἐλευθέρᾳ,

371 3544 425 3601 sed
450 3540 494 3618 (11.
511 3539 561 3617 14)
585 3541 743 3616 quaesivit
764 3541 798 3599 in
819 3539 927 3600 κοινὸν
949 3542 1186 3600 substantivum
1208 3538 1341 3618 κόσμον,
1365 3559 1593 3616 quamoorrec·

370 3641 487 3699 tionem
505 3640 750 3714 eisuggessisse
764 3639 934 3698 conieceris
948 3640 1114 3698 exordium
1130 3639 1284 3698 Timothei
1299 3641 1472 3698 Persarum
1488 3639 1541 3716 (11.
1558 3639 1592 3698 13

370 3736 527 3814 Wilam.):
557 3733 679 3796 κλεινὸν
706 3734 944 3814 ἐλευθερίας
972 3733 1093 3814 τεύχων
1120 3735 1221 3814 μέγαν
1245 3733 1401 3797 Ἑλλάδι
1429 3735 1592 3813 κόσμον.

369 3837 478 3910 Neque
505 3853 577 3894 eum
603 3836 766 3894 latuerunt
794 3833 940 3892 dictionis
969 3833 1055 3892 vitia.
1093 3835 1199 3894 Sensit
1226 3835 1259 3892 in
1288 3835 1448 3894 Adimanti
1476 3853 1524 3910 ep.
1556 3835 1592 3895 98

369 3935 557 4009 languidum
586 3950 656 3992 csse
677 3937 773 4009 atque
800 3933 1214 4007 superfluum,adiectivum
1234 3935 1320 3993 πᾶσα
1344 3931 1394 4009 (ὃν
1416 3930 1466 3993 διὰ
1489 3937 1591 3994 arion

366 4029 501 4098 Ἑλλὰς
536 4029 716 4107 ἐλευθερίας
751 4028 915 4108 ἀμφέθετο
950 4029 1140 4108 στέφανον),
1177 4032 1263 4106 quod
1299 4034 1409 4091 auctor
1443 4032 1591 4091 carminis

370 4131 536 4188 mutuatus
557 4131 605 4187 est
626 4147 664 4186 ex
686 4128 747 4186 alio
770 4128 971 4188 Corinthiaco
992 4145 1039 4203 cp.
1065 4129 1119 4204 97,
1144 4129 1198 4187 ubi
1215 4131 1302 4189 πᾶσα
1319 4130 1437 4205 optime
1452 4131 1592 4189 sehabet

372 4226 491 4304 (ἀκμᾶς
512 4223 677 4285 ἑστακυῖαν
698 4222 748 4283 ε’ττὶ
769 4225 868 4302 ξυροῦ
883 4222 1048 4285 Ἑλλάδα
1071 4225 1226 4302 πᾶσαν),
1251 4227 1337 4286 dedit
1354 4230 1461 4286 autem
1480 4223 1524 4287 οὗ
1543 4223 1591 4286 διὰ

370 4503 465 4538 manus
483 4488 608 4550 pervenit.
627 4487 727 4536 Iniuria
745 4494 835 4536 autem
854 4488 881 4535 in
900 4488 958 4536 aliis
976 4502 1031 4549 epp.
1050 4487 1120 4535 idem
1140 4489 1178 4535 vir
1195 4489 1226 4537 cl.
1244 4485 1301 4550 (89,
1320 4487 1447 4551 95,105,
1466 4503 1522 4551 pag.
1535 4485 1592 4546 211)

369 4579 396 4622 ct
420 4573 551 4623 Schwartz
573 4570 624 4634 (ep.
642 4571 691 4621 112
710 4573 796 4622 11ο1·111.
815 4571 939 4622 351900
958 4588 980 4634 p.
1000 4571 1062 4634 120,
1081 4573 1113 4621 cl.
1132 4570 1144 4633 ἓ
1162 4571 1195 4621 00
1213 4589 1235 4635 p.
1254 4571 1314 4632 108)
1332 4573 1515 4622 additamenta
1531 4572 1591 4622 odo-

261 4675 272 4694 *
369 4659 421 4707 rari
445 4657 493 4706 sibi
518 4657 564 4706 visi
588 4661 658 4705 suut.
686 4658 714 4705 lu
734 4674 773 4720 ep.
792 4656 1000 4719 Euryrucdontic
1018 4655 1067 4704 105
1085 4657 1183 4719 periret
1200 4658 1326 4720 oppositio
1344 4658 1414 4706 inter
1431 4653 1591 4720 τοξοφόρους

369 4749 396 4792 ct
418 4738 546 4806 αἰχμητὰς
571 4740 595 4803 (5
618 4741 692 4806 127),
717 4757 754 4805 ep.
773 4741 806 4790 95
824 4742 1002 4790 Muasalceam
1021 4741 1196 4790 imitationem
1215 4757 1271 4792 esse
1289 4742 1403 4791 vidimus
1420 4740 1445 4803 (8
1463 4741 1531 4803 tae).
1558 4741 1591 4790 lte

370 4829 410 4876 his
427 4843 484 4890 epp.
503 4833 529 4875 et
548 4828 578 4874 de
597 4842 654 4890 epp.
672 4826 705 4876 89
723 4832 750 4876 et
767 4826 815 4875 112
835 4827 884 4875 vid.
904 4831 1039 4889 praeterea
1056 4828 1141 4876 altera
1159 4827 1294 4876 11.οο111111.
1315 4841 1380 4888 pars.
