<?xml version="1.0" encoding="UTF-8"?>
<!DOCTYPE html PUBLIC "-//W3C//DTD XHTML 1.0 Transitional//EN"
    "http://www.w3.org/TR/xhtml1/DTD/xhtml1-transitional.dtd">
<html xmlns="http://www.w3.org/1999/xhtml" xml:lang="en" lang="en">
 <head>
  <title>
</title>
<meta http-equiv="Content-Type" content="text/html;charset=utf-8" />
  <meta name='ocr-system' content='tesseract 3.04.00' />
  <meta name='ocr-capabilities' content='ocr_page ocr_carea ocr_par ocr_line ocrx_word'/>
</head>
<body>
  <div class='ocr_page' id='page_1' title='image "./deepigrammatiss00boasgoog_0203.png"; bbox 0 0 3572 5716; ppageno 0'>
   <div class='ocr_carea' id='block_1_1' title="bbox 787 540 1423 619">
    <p class='ocr_par' dir='ltr' id='par_1_1' title="bbox 787 540 1423 619">
     <span class='ocr_line' id='line_1_1' title="bbox 787 540 1423 619; baseline 0.005 -20"><span class='ocrx_word' id='word_1_1' title='bbox 787 540 841 600; x_wconf 86' lang='lat'>181</span> <span class='ocrx_word' id='word_1_2' title='bbox 1313 541 1332 619; x_wconf 67' lang='lat' dir='ltr'>g</span> <span class='ocrx_word' id='word_1_3' title='bbox 1356 544 1423 602; x_wconf 89' lang='lat'>101.</span> 
     </span>
    </p>
   </div>
   <div class='ocr_carea' id='block_1_2' title="bbox 195 726 1427 4912">
    <p class='ocr_par' dir='ltr' id='par_1_2' title="bbox 195 726 1427 4310">
     <span class='ocr_line' id='line_1_2' title="bbox 203 726 1427 805; baseline 0.004 -22"><span class='ocrx_word' id='word_1_4' title='bbox 203 727 336 801; x_wconf 83' lang='lat' dir='ltr'>mopylis</span> <span class='ocrx_word' id='word_1_5' title='bbox 364 727 561 802; x_wconf 87' lang='lat' dir='ltr'>ceciderunt,</span> <span class='ocrx_word' id='word_1_6' title='bbox 593 744 666 786; x_wconf 92' lang='lat' dir='ltr'>eum</span> <span class='ocrx_word' id='word_1_7' title='bbox 693 729 799 786; x_wconf 91' lang='lat' dir='ltr'>tamen</span> <span class='ocrx_word' id='word_1_8' title='bbox 828 730 949 785; x_wconf 90' lang='lat' dir='ltr'>constet</span> <span class='ocrx_word' id='word_1_9' title='bbox 976 744 1015 785; x_wconf 92' lang='lat' dir='ltr'>ex</span> <span class='ocrx_word' id='word_1_10' title='bbox 1040 728 1212 786; x_wconf 81' lang='lat' dir='ltr'>Plutarcho</span> <span class='ocrx_word' id='word_1_11' title='bbox 1235 726 1269 805; x_wconf 65' lang='grc' dir='ltr'>(ξ</span> <span class='ocrx_word' id='word_1_12' title='bbox 1292 727 1344 804; x_wconf 88' lang='grc'>29)</span> <span class='ocrx_word' id='word_1_13' title='bbox 1366 729 1427 788; x_wconf 93' lang='lat' dir='ltr'>hoc</span> 
     </span>
     <span class='ocr_line' id='line_1_3' title="bbox 202 824 1426 900; baseline 0.002 -18"><span class='ocrx_word' id='word_1_14' title='bbox 202 841 248 898; x_wconf 92' lang='lat' dir='ltr'>ep.</span> <span class='ocrx_word' id='word_1_15' title='bbox 269 824 459 899; x_wconf 88' lang='lat' dir='ltr'>inscriptum</span> <span class='ocrx_word' id='word_1_16' title='bbox 481 825 581 883; x_wconf 87' lang='lat' dir='ltr'>fuisse</span> <span class='ocrx_word' id='word_1_17' title='bbox 602 826 788 899; x_wconf 91' lang='lat' dir='ltr'>cenotaphio</span> <span class='ocrx_word' id='word_1_18' title='bbox 810 825 1047 884; x_wconf 79' lang='lat' dir='ltr'>Corinthiorum</span> <span class='ocrx_word' id='word_1_19' title='bbox 1069 825 1101 882; x_wconf 91' lang='lat' dir='ltr'>in</span> <span class='ocrx_word' id='word_1_20' title='bbox 1124 843 1233 900; x_wconf 87' lang='lat' dir='ltr'>pugna</span> <span class='ocrx_word' id='word_1_21' title='bbox 1254 825 1426 886; x_wconf 89' lang='lat' dir='ltr'>Salaminia</span> 
     </span>
     <span class='ocr_line' id='line_1_4' title="bbox 201 921 1426 997; baseline 0.004 -19"><span class='ocrx_word' id='word_1_22' title='bbox 201 922 387 979; x_wconf 88' lang='lat' dir='ltr'>occisorum.</span> <span class='ocrx_word' id='word_1_23' title='bbox 425 922 495 989; x_wconf 87' lang='lat' dir='ltr'>Qua</span> <span class='ocrx_word' id='word_1_24' title='bbox 517 940 553 980; x_wconf 92' lang='lat' dir='ltr'>re</span> <span class='ocrx_word' id='word_1_25' title='bbox 574 921 781 981; x_wconf 82' lang='lat' dir='ltr'>Stadtmiiller</span> <span class='ocrx_word' id='word_1_26' title='bbox 802 923 1000 997; x_wconf 76' lang='lat' dir='ltr'>corruptelae</span> <span class='ocrx_word' id='word_1_27' title='bbox 1021 940 1114 982; x_wconf 91' lang='lat' dir='ltr'>cruce</span> <span class='ocrx_word' id='word_1_28' title='bbox 1136 924 1257 982; x_wconf 89' lang='lat' dir='ltr'>notavit</span> <span class='ocrx_word' id='word_1_29' title='bbox 1278 927 1307 983; x_wconf 91' lang='lat' dir='ltr'>et</span> <span class='ocrx_word' id='word_1_30' title='bbox 1329 925 1426 983; x_wconf 91' lang='lat' dir='ltr'>huius</span> 
     </span>
     <span class='ocr_line' id='line_1_5' title="bbox 201 1005 1426 1096; baseline 0.004 -20"><span class='ocrx_word' id='word_1_31' title='bbox 201 1019 438 1094; x_wconf 84' lang='lat' dir='ltr'>epigrammatis</span> <span class='ocrx_word' id='word_1_32' title='bbox 459 1020 573 1078; x_wconf 92' lang='lat' dir='ltr'>lemma</span> <span class='ocrx_word' id='word_1_33' title='bbox 594 1022 624 1078; x_wconf 94' lang='lat' dir='ltr'>et</span> <span class='ocrx_word' id='word_1_34' title='bbox 645 1020 852 1094; x_wconf 90' lang='lat' dir='ltr'>insequentis.</span> <span class='ocrx_word' id='word_1_35' title='bbox 878 1022 1044 1080; x_wconf 91' lang='lat' dir='ltr'>Praeterea</span> <span class='ocrx_word' id='word_1_36' title='bbox 1058 1021 1182 1079; x_wconf 88' lang='lat' dir='ltr'>etiamsi</span> <span class='ocrx_word' id='word_1_37' title='bbox 1196 1005 1426 1096; x_wconf 88' lang='lat' dir='ltr'>epigrammata</span> 
     </span>
     <span class='ocr_line' id='line_1_6' title="bbox 201 1114 1425 1195; baseline 0.002 -19"><span class='ocrx_word' id='word_1_38' title='bbox 201 1114 273 1176; x_wconf 93' lang='lat' dir='ltr'>VII.</span> <span class='ocrx_word' id='word_1_39' title='bbox 292 1117 451 1177; x_wconf 83' lang='grc'><strong>250-253</strong></span> <span class='ocrx_word' id='word_1_40' title='bbox 472 1119 579 1176; x_wconf 91' lang='lat' dir='ltr'>omnia</span> <span class='ocrx_word' id='word_1_41' title='bbox 601 1119 767 1177; x_wconf 88' lang='lat' dir='ltr'>referenda</span> <span class='ocrx_word' id='word_1_42' title='bbox 789 1119 975 1177; x_wconf 88' lang='lat' dir='ltr'>viderentur</span> <span class='ocrx_word' id='word_1_43' title='bbox 996 1120 1037 1177; x_wconf 90' lang='lat' dir='ltr'>ad</span> <span class='ocrx_word' id='word_1_44' title='bbox 1058 1121 1214 1178; x_wconf 89' lang='lat' dir='ltr'>trecentos</span> <span class='ocrx_word' id='word_1_45' title='bbox 1236 1119 1306 1179; x_wconf 92' lang='lat' dir='ltr'>illos</span> <span class='ocrx_word' id='word_1_46' title='bbox 1330 1120 1425 1195; x_wconf 88' lang='lat' dir='ltr'>Spar-</span> 
     </span>
     <span class='ocr_line' id='line_1_7' title="bbox 199 1214 1424 1291; baseline 0.002 -18"><span class='ocrx_word' id='word_1_47' title='bbox 199 1215 310 1289; x_wconf 75' lang='lat' dir='ltr'>tiataS,</span> <span class='ocrx_word' id='word_1_48' title='bbox 339 1216 453 1274; x_wconf 91' lang='lat' dir='ltr'>lemma</span> <span class='ocrx_word' id='word_1_49' title='bbox 475 1233 523 1291; x_wconf 93' lang='lat' dir='ltr'>ep.</span> <span class='ocrx_word' id='word_1_50' title='bbox 542 1214 616 1275; x_wconf 87' lang='lat' dir='ltr'><strong>VII.</strong></span> <span class='ocrx_word' id='word_1_51' title='bbox 638 1216 693 1274; x_wconf 83' lang='lat'>251</span> <span class='ocrx_word' id='word_1_52' title='bbox 719 1219 801 1275; x_wconf 90' lang='lat' dir='ltr'>reete</span> <span class='ocrx_word' id='word_1_53' title='bbox 823 1235 857 1275; x_wconf 91' lang='lat' dir='ltr'>se</span> <span class='ocrx_word' id='word_1_54' title='bbox 878 1216 995 1275; x_wconf 93' lang='lat' dir='ltr'>habere</span> <span class='ocrx_word' id='word_1_55' title='bbox 1016 1233 1081 1274; x_wconf 92' lang='lat' dir='ltr'>nou</span> <span class='ocrx_word' id='word_1_56' title='bbox 1102 1219 1219 1290; x_wconf 89' lang='lat' dir='ltr'>posset.</span> <span class='ocrx_word' id='word_1_57' title='bbox 1255 1218 1335 1276; x_wconf 87' lang='lat' dir='ltr'>Nam</span> <span class='ocrx_word' id='word_1_58' title='bbox 1357 1221 1424 1276; x_wconf 91' lang='lat' dir='ltr'>tum</span> 
     </span>
     <span class='ocr_line' id='line_1_8' title="bbox 200 1313 1425 1389; baseline 0.002 -18"><span class='ocrx_word' id='word_1_59' title='bbox 200 1316 270 1386; x_wconf 92' lang='lat' dir='ltr'>post</span> <span class='ocrx_word' id='word_1_60' title='bbox 301 1314 417 1373; x_wconf 92' lang='lat' dir='ltr'>lemma</span> <span class='ocrx_word' id='word_1_61' title='bbox 447 1314 712 1389; x_wconf 84' lang='lat' dir='ltr'>epigrammatum</span> <span class='ocrx_word' id='word_1_62' title='bbox 746 1313 804 1372; x_wconf 89' lang='grc'>248</span> <span class='ocrx_word' id='word_1_63' title='bbox 837 1331 907 1388; x_wconf 89' lang='lat' dir='ltr'><strong>sqq.</strong></span> <span class='ocrx_word' id='word_1_64' title='bbox 938 1317 1052 1388; x_wconf 84' lang='lat' dir='ltr'>quater</span> <span class='ocrx_word' id='word_1_65' title='bbox 1084 1315 1279 1388; x_wconf 89' lang='lat' dir='ltr'>repetitionis</span> <span class='ocrx_word' id='word_1_66' title='bbox 1310 1314 1425 1374; x_wconf 90' lang='lat' dir='ltr'>lemma</span> 
     </span>
     <span class='ocr_line' id='line_1_9' title="bbox 200 1407 1425 1486; baseline 0.002 -18"><span class='ocrx_word' id='word_1_67' title='bbox 200 1409 240 1476; x_wconf 80' lang='grc' dir='ltr'>εἰς</span> <span class='ocrx_word' id='word_1_68' title='bbox 267 1407 340 1477; x_wconf 82' lang='grc' dir='ltr'><em>τοὺς</em></span> <span class='ocrx_word' id='word_1_69' title='bbox 368 1407 482 1477; x_wconf 81' lang='grc' dir='ltr'>αὐτοὺς</span> <span class='ocrx_word' id='word_1_70' title='bbox 510 1412 735 1486; x_wconf 81' lang='lat' dir='ltr'>expectaveris.</span> <span class='ocrx_word' id='word_1_71' title='bbox 771 1412 863 1480; x_wconf 82' lang='lat' dir='ltr'>Quod</span> <span class='ocrx_word' id='word_1_72' title='bbox 892 1429 1016 1470; x_wconf 81' lang='lat' dir='ltr'>revera·</span> <span class='ocrx_word' id='word_1_73' title='bbox 1033 1412 1132 1470; x_wconf 87' lang='lat' dir='ltr'>sensit</span> <span class='ocrx_word' id='word_1_74' title='bbox 1160 1411 1338 1486; x_wconf 89' lang='lat' dir='ltr'>Planudes,</span> <span class='ocrx_word' id='word_1_75' title='bbox 1370 1413 1425 1486; x_wconf 90' lang='lat' dir='ltr'>qui</span> 
     </span>
     <span class='ocr_line' id='line_1_10' title="bbox 199 1505 1426 1586; baseline 0.002 -20"><span class='ocrx_word' id='word_1_76' title='bbox 199 1509 295 1567; x_wconf 90' lang='lat' dir='ltr'>huius</span> <span class='ocrx_word' id='word_1_77' title='bbox 327 1509 566 1584; x_wconf 83' lang='lat' dir='ltr'>epigrammatis</span> <span class='ocrx_word' id='word_1_78' title='bbox 596 1509 753 1567; x_wconf 90' lang='lat' dir='ltr'>lemmatis</span> <span class='ocrx_word' id='word_1_79' title='bbox 785 1509 882 1568; x_wconf 91' lang='lat' dir='ltr'>verba</span> <span class='ocrx_word' id='word_1_80' title='bbox 910 1505 987 1586; x_wconf 84' lang='grc' dir='ltr'><em>μετὰ</em></span> <span class='ocrx_word' id='word_1_81' title='bbox 1015 1505 1182 1568; x_wconf 81' lang='grc' dir='ltr'>Λεωνίδου</span> <span class='ocrx_word' id='word_1_82' title='bbox 1210 1506 1362 1576; x_wconf 80' lang='grc' dir='ltr'><strong><em>πεσόντας</em></strong></span> <span class='ocrx_word' id='word_1_83' title='bbox 1390 1511 1426 1568; x_wconf 93' lang='lat' dir='ltr'>ut</span> 
     </span>
     <span class='ocr_line' id='line_1_11' title="bbox 200 1607 1425 1682; baseline 0.001 -18"><span class='ocrx_word' id='word_1_84' title='bbox 200 1624 437 1682; x_wconf 85' lang='lat' dir='ltr'>supervacanea</span> <span class='ocrx_word' id='word_1_85' title='bbox 458 1607 580 1666; x_wconf 89' lang='lat' dir='ltr'>abiecit.</span> <span class='ocrx_word' id='word_1_86' title='bbox 605 1609 730 1666; x_wconf 92' lang='lat' dir='ltr'>Horum</span> <span class='ocrx_word' id='word_1_87' title='bbox 750 1610 856 1666; x_wconf 87' lang='lat' dir='ltr'>autem</span> <span class='ocrx_word' id='word_1_88' title='bbox 874 1609 1058 1666; x_wconf 89' lang='lat' dir='ltr'>lemmatum</span> <span class='ocrx_word' id='word_1_89' title='bbox 1078 1608 1159 1665; x_wconf 90' lang='lat' dir='ltr'>ratio</span> <span class='ocrx_word' id='word_1_90' title='bbox 1177 1608 1267 1666; x_wconf 87' lang='lat' dir='ltr'>iaeile</span> <span class='ocrx_word' id='word_1_91' title='bbox 1284 1608 1425 1682; x_wconf 89' lang='lat' dir='ltr'>expediri</span> 
     </span>
     <span class='ocr_line' id='line_1_12' title="bbox 198 1703 1426 1782; baseline 0.001 -19"><span class='ocrx_word' id='word_1_92' title='bbox 198 1723 293 1779; x_wconf 90' lang='lat' dir='ltr'>posse</span> <span class='ocrx_word' id='word_1_93' title='bbox 322 1705 447 1763; x_wconf 89' lang='lat' dir='ltr'>videtur</span> <span class='ocrx_word' id='word_1_94' title='bbox 475 1705 634 1779; x_wconf 90' lang='lat' dir='ltr'>reputanti</span> <span class='ocrx_word' id='word_1_95' title='bbox 661 1707 857 1781; x_wconf 85' lang='lat' dir='ltr'>epigramma</span> <span class='ocrx_word' id='word_1_96' title='bbox 880 1703 953 1765; x_wconf 88' lang='lat' dir='ltr'>VII.</span> <span class='ocrx_word' id='word_1_97' title='bbox 975 1705 1034 1764; x_wconf 87' lang='lat'>250</span> <span class='ocrx_word' id='word_1_98' title='bbox 1057 1704 1109 1782; x_wconf 84' lang='lat'>(=</span> <span class='ocrx_word' id='word_1_99' title='bbox 1134 1705 1210 1764; x_wconf 90' lang='lat' dir='ltr'>Sim.</span> <span class='ocrx_word' id='word_1_100' title='bbox 1233 1703 1285 1780; x_wconf 88' lang='grc'>97)</span> <span class='ocrx_word' id='word_1_101' title='bbox 1308 1706 1426 1779; x_wconf 87' lang='lat' dir='ltr'>optime</span> 
     </span>
     <span class='ocr_line' id='line_1_13' title="bbox 198 1801 1424 1878; baseline -0.002 -17"><span class='ocrx_word' id='word_1_102' title='bbox 198 1803 352 1861; x_wconf 87' lang='lat' dir='ltr'>habuisse</span> <span class='ocrx_word' id='word_1_103' title='bbox 382 1805 411 1861; x_wconf 91' lang='lat' dir='ltr'>et</span> <span class='ocrx_word' id='word_1_104' title='bbox 443 1803 475 1860; x_wconf 91' lang='lat' dir='ltr'>in</span> <span class='ocrx_word' id='word_1_105' title='bbox 509 1802 637 1878; x_wconf 84' lang='lat' dir='ltr'>Sylloge</span> <span class='ocrx_word' id='word_1_106' title='bbox 670 1803 851 1862; x_wconf 88' lang='lat' dir='ltr'>Simonidea</span> <span class='ocrx_word' id='word_1_107' title='bbox 883 1805 913 1860; x_wconf 90' lang='lat' dir='ltr'>et</span> <span class='ocrx_word' id='word_1_108' title='bbox 941 1803 973 1860; x_wconf 91' lang='lat' dir='ltr'>in</span> <span class='ocrx_word' id='word_1_109' title='bbox 1003 1803 1128 1862; x_wconf 81' lang='lat' dir='ltr'>Corona</span> <span class='ocrx_word' id='word_1_110' title='bbox 1157 1801 1333 1876; x_wconf 89' lang='lat' dir='ltr'>Meleagrea</span> <span class='ocrx_word' id='word_1_111' title='bbox 1361 1802 1424 1876; x_wconf 91' lang='lat' dir='ltr'>cpi-</span> 
     </span>
     <span class='ocr_line' id='line_1_14' title="bbox 199 1894 1421 1976; baseline -0.003 -17"><span class='ocrx_word' id='word_1_112' title='bbox 199 1918 344 1976; x_wconf 90' lang='lat' dir='ltr'>gramma</span> <span class='ocrx_word' id='word_1_113' title='bbox 366 1901 530 1976; x_wconf 86' lang='lat' dir='ltr'>alterum,</span> <span class='ocrx_word' id='word_1_114' title='bbox 565 1901 606 1959; x_wconf 88' lang='lat' dir='ltr'>ad</span> <span class='ocrx_word' id='word_1_115' title='bbox 634 1900 718 1975; x_wconf 92' lang='lat' dir='ltr'>quod</span> <span class='ocrx_word' id='word_1_116' title='bbox 747 1901 894 1958; x_wconf 88' lang='lat' dir='ltr'>lemmate</span> <span class='ocrx_word' id='word_1_117' title='bbox 921 1899 963 1966; x_wconf 88' lang='grc' dir='ltr'>εἰς</span> <span class='ocrx_word' id='word_1_118' title='bbox 991 1896 1064 1965; x_wconf 83' lang='grc' dir='ltr'><em>τοὺς</em></span> <span class='ocrx_word' id='word_1_119' title='bbox 1091 1894 1205 1965; x_wconf 80' lang='grc' dir='ltr'>αὐτοὺς</span> <span class='ocrx_word' id='word_1_120' title='bbox 1233 1899 1421 1972; x_wconf 83' lang='lat' dir='ltr'>referretur,</span> 
     </span>
     <span class='ocr_line' id='line_1_15' title="bbox 199 1997 1424 2074; baseline -0.003 -18"><span class='ocrx_word' id='word_1_121' title='bbox 199 2016 241 2057; x_wconf 88' lang='lat' dir='ltr'>se.</span> <span class='ocrx_word' id='word_1_122' title='bbox 262 1999 459 2074; x_wconf 86' lang='lat' dir='ltr'>epigramma</span> <span class='ocrx_word' id='word_1_123' title='bbox 481 2015 577 2056; x_wconf 94' lang='lat' dir='ltr'>suum</span> <span class='ocrx_word' id='word_1_124' title='bbox 599 1999 767 2073; x_wconf 89' lang='lat' dir='ltr'>gemellum</span> <span class='ocrx_word' id='word_1_125' title='bbox 789 1998 843 2072; x_wconf 87' lang='grc'>96,</span> <span class='ocrx_word' id='word_1_126' title='bbox 873 1998 976 2072; x_wconf 89' lang='lat' dir='ltr'>quod,</span> <span class='ocrx_word' id='word_1_127' title='bbox 1001 2015 1019 2056; x_wconf 97' lang='lat' dir='ltr'>a</span> <span class='ocrx_word' id='word_1_128' title='bbox 1042 1997 1214 2056; x_wconf 84' lang='lat' dir='ltr'>Oollcctore</span> <span class='ocrx_word' id='word_1_129' title='bbox 1234 2014 1273 2054; x_wconf 88' lang='lat' dir='ltr'>ex</span> <span class='ocrx_word' id='word_1_130' title='bbox 1294 1997 1424 2069; x_wconf 85' lang='lat' dir='ltr'>Ephoro</span> 
     </span>
     <span class='ocr_line' id='line_1_16' title="bbox 200 2093 1423 2172; baseline -0.004 -17"><span class='ocrx_word' id='word_1_131' title='bbox 200 2094 251 2172; x_wconf 79' lang='lat' dir='ltr'>(A)</span> <span class='ocrx_word' id='word_1_132' title='bbox 285 2096 440 2171; x_wconf 85' lang='lat' dir='ltr'>petitum,</span> <span class='ocrx_word' id='word_1_133' title='bbox 473 2097 506 2153; x_wconf 92' lang='lat' dir='ltr'>in</span> <span class='ocrx_word' id='word_1_134' title='bbox 539 2096 708 2154; x_wconf 91' lang='lat' dir='ltr'>traditione</span> <span class='ocrx_word' id='word_1_135' title='bbox 742 2095 763 2155; x_wconf 89' lang='lat' dir='ltr'>S</span> <span class='ocrx_word' id='word_1_136' title='bbox 795 2113 813 2154; x_wconf 88' lang='lat' dir='ltr'>a</span> <span class='ocrx_word' id='word_1_137' title='bbox 846 2095 1004 2153; x_wconf 87' lang='lat' dir='ltr'>Favorino</span> <span class='ocrx_word' id='word_1_138' title='bbox 1035 2095 1068 2152; x_wconf 93' lang='lat' dir='ltr'>in</span> <span class='ocrx_word' id='word_1_139' title='bbox 1101 2095 1225 2153; x_wconf 82' lang='lat' dir='ltr'>Corona</span> <span class='ocrx_word' id='word_1_140' title='bbox 1256 2093 1423 2152; x_wconf 90' lang='lat' dir='ltr'>inventum</span> 
     </span>
     <span class='ocr_line' id='line_1_17' title="bbox 200 2191 1423 2270; baseline -0.005 -16"><span class='ocrx_word' id='word_1_141' title='bbox 200 2192 234 2270; x_wconf 61' lang='grc' dir='ltr'>(ᾗ</span> <span class='ocrx_word' id='word_1_142' title='bbox 257 2193 326 2270; x_wconf 85' lang='grc'>53),</span> <span class='ocrx_word' id='word_1_143' title='bbox 347 2212 423 2253; x_wconf 92' lang='lat' dir='ltr'>cum</span> <span class='ocrx_word' id='word_1_144' title='bbox 445 2213 485 2253; x_wconf 91' lang='lat' dir='ltr'>ex</span> <span class='ocrx_word' id='word_1_145' title='bbox 506 2195 678 2253; x_wconf 87' lang='lat' dir='ltr'>Plutarcho</span> <span class='ocrx_word' id='word_1_146' title='bbox 699 2197 768 2252; x_wconf 92' lang='lat' dir='ltr'>tum</span> <span class='ocrx_word' id='word_1_147' title='bbox 789 2212 827 2252; x_wconf 88' lang='lat' dir='ltr'>ex</span> <span class='ocrx_word' id='word_1_148' title='bbox 849 2193 952 2268; x_wconf 88' lang='lat' dir='ltr'>lapide</span> <span class='ocrx_word' id='word_1_149' title='bbox 973 2193 1043 2268; x_wconf 92' lang='lat' dir='ltr'>ipso</span> <span class='ocrx_word' id='word_1_150' title='bbox 1065 2210 1167 2267; x_wconf 89' lang='lat' dir='ltr'>nuper</span> <span class='ocrx_word' id='word_1_151' title='bbox 1188 2193 1313 2265; x_wconf 91' lang='lat' dir='ltr'>reperto</span> <span class='ocrx_word' id='word_1_152' title='bbox 1336 2191 1423 2250; x_wconf 87' lang='lat' dir='ltr'>Sala-</span> 
     </span>
     <span class='ocr_line' id='line_1_18' title="bbox 199 2289 1420 2367; baseline -0.001 -19"><span class='ocrx_word' id='word_1_153' title='bbox 199 2292 283 2350; x_wconf 91' lang='lat' dir='ltr'>mine</span> <span class='ocrx_word' id='word_1_154' title='bbox 316 2293 506 2367; x_wconf 88' lang='lat' dir='ltr'>inscriptum</span> <span class='ocrx_word' id='word_1_155' title='bbox 542 2292 643 2350; x_wconf 88' lang='lat' dir='ltr'>fuisse</span> <span class='ocrx_word' id='word_1_156' title='bbox 674 2293 798 2350; x_wconf 90' lang='lat' dir='ltr'>constat</span> <span class='ocrx_word' id='word_1_157' title='bbox 828 2292 861 2348; x_wconf 93' lang='lat' dir='ltr'>in</span> <span class='ocrx_word' id='word_1_158' title='bbox 893 2292 964 2365; x_wconf 92' lang='lat' dir='ltr'>ipso</span> <span class='ocrx_word' id='word_1_159' title='bbox 995 2290 1233 2349; x_wconf 81' lang='lat' dir='ltr'>Corinthiorum</span> <span class='ocrx_word' id='word_1_160' title='bbox 1265 2289 1420 2364; x_wconf 90' lang='lat' dir='ltr'>sepulcro.</span> 
     </span>
     <span class='ocr_line' id='line_1_19' title="bbox 199 2388 1422 2466; baseline -0.003 -18"><span class='ocrx_word' id='word_1_161' title='bbox 199 2389 464 2449; x_wconf 82' lang='lat' dir='ltr'>Constituendum</span> <span class='ocrx_word' id='word_1_162' title='bbox 496 2391 595 2466; x_wconf 91' lang='lat' dir='ltr'>igitur</span> <span class='ocrx_word' id='word_1_163' title='bbox 626 2391 752 2449; x_wconf 91' lang='lat' dir='ltr'>videtur</span> <span class='ocrx_word' id='word_1_164' title='bbox 782 2390 815 2446; x_wconf 91' lang='lat' dir='ltr'>in</span> <span class='ocrx_word' id='word_1_165' title='bbox 843 2390 1019 2464; x_wconf 88' lang='lat' dir='ltr'>Meleagrea</span> <span class='ocrx_word' id='word_1_166' title='bbox 1049 2389 1173 2448; x_wconf 86' lang='lat' dir='ltr'>Corona</span> <span class='ocrx_word' id='word_1_167' title='bbox 1201 2388 1422 2463; x_wconf 90' lang='lat' dir='ltr'>interpositum</span> 
     </span>
     <span class='ocr_line' id='line_1_20' title="bbox 198 2484 1420 2562; baseline 0 -18"><span class='ocrx_word' id='word_1_168' title='bbox 198 2488 298 2546; x_wconf 87' lang='lat' dir='ltr'>luisse</span> <span class='ocrx_word' id='word_1_169' title='bbox 319 2488 558 2562; x_wconf 88' lang='lat' dir='ltr'>epigrammatis</span> <span class='ocrx_word' id='word_1_170' title='bbox 580 2485 654 2547; x_wconf 91' lang='lat' dir='ltr'><strong>VII.</strong></span> <span class='ocrx_word' id='word_1_171' title='bbox 676 2486 733 2545; x_wconf 89' lang='grc'>249</span> <span class='ocrx_word' id='word_1_172' title='bbox 756 2489 852 2560; x_wconf 91' lang='lat' dir='ltr'>atque</span> <span class='ocrx_word' id='word_1_173' title='bbox 873 2484 947 2545; x_wconf 88' lang='lat' dir='ltr'><strong>VII.</strong></span> <span class='ocrx_word' id='word_1_174' title='bbox 965 2485 1024 2544; x_wconf 89' lang='grc'>250</span> <span class='ocrx_word' id='word_1_175' title='bbox 1042 2504 1090 2560; x_wconf 91' lang='lat' dir='ltr'>ep.</span> <span class='ocrx_word' id='word_1_176' title='bbox 1110 2487 1346 2545; x_wconf 81' lang='lat' dir='ltr'>Corinthiacum</span> <span class='ocrx_word' id='word_1_177' title='bbox 1365 2485 1420 2560; x_wconf 90' lang='grc'>96,</span> 
     </span>
     <span class='ocr_line' id='line_1_21' title="bbox 198 2583 1424 2660; baseline -0.003 -16"><span class='ocrx_word' id='word_1_178' title='bbox 198 2586 283 2658; x_wconf 92' lang='lat' dir='ltr'>quod</span> <span class='ocrx_word' id='word_1_179' title='bbox 312 2589 421 2660; x_wconf 89' lang='lat' dir='ltr'>postea</span> <span class='ocrx_word' id='word_1_180' title='bbox 450 2604 467 2644; x_wconf 88' lang='lat' dir='ltr'>a</span> <span class='ocrx_word' id='word_1_181' title='bbox 495 2585 626 2644; x_wconf 87' lang='lat' dir='ltr'>librario</span> <span class='ocrx_word' id='word_1_182' title='bbox 654 2585 792 2658; x_wconf 92' lang='lat' dir='ltr'>quodam</span> <span class='ocrx_word' id='word_1_183' title='bbox 823 2584 1000 2659; x_wconf 90' lang='lat' dir='ltr'>neglectum</span> <span class='ocrx_word' id='word_1_184' title='bbox 1029 2586 1129 2658; x_wconf 84' lang='lat' dir='ltr'>esset,</span> <span class='ocrx_word' id='word_1_185' title='bbox 1161 2601 1233 2642; x_wconf 91' lang='lat' dir='ltr'>cum</span> <span class='ocrx_word' id='word_1_186' title='bbox 1261 2583 1424 2642; x_wconf 88' lang='lat' dir='ltr'>consimile</span> 
     </span>
     <span class='ocr_line' id='line_1_22' title="bbox 198 2682 1424 2758; baseline -0.002 -18"><span class='ocrx_word' id='word_1_187' title='bbox 198 2682 328 2742; x_wconf 89' lang='lat' dir='ltr'>haberet</span> <span class='ocrx_word' id='word_1_188' title='bbox 343 2685 508 2742; x_wconf 88' lang='lat' dir='ltr'>exordium</span> <span class='ocrx_word' id='word_1_189' title='bbox 524 2686 620 2758; x_wconf 90' lang='lat' dir='ltr'>atque</span> <span class='ocrx_word' id='word_1_190' title='bbox 634 2700 682 2757; x_wconf 90' lang='lat' dir='ltr'>ep.</span> <span class='ocrx_word' id='word_1_191' title='bbox 697 2682 980 2757; x_wconf 85' lang='lat' dir='ltr'>Thermopylense,</span> <span class='ocrx_word' id='word_1_192' title='bbox 1002 2682 1087 2756; x_wconf 93' lang='lat' dir='ltr'>quod</span> <span class='ocrx_word' id='word_1_193' title='bbox 1103 2699 1189 2740; x_wconf 91' lang='lat' dir='ltr'>nuuc</span> <span class='ocrx_word' id='word_1_194' title='bbox 1203 2683 1424 2756; x_wconf 89' lang='lat' dir='ltr'>epigrammati</span> 
     </span>
     <span class='ocr_line' id='line_1_23' title="bbox 199 2776 1423 2857; baseline -0.002 -18"><span class='ocrx_word' id='word_1_195' title='bbox 199 2779 271 2840; x_wconf 94' lang='lat' dir='ltr'><strong>VII.</strong></span> <span class='ocrx_word' id='word_1_196' title='bbox 300 2781 360 2840; x_wconf 83' lang='lat'>250</span> <span class='ocrx_word' id='word_1_197' title='bbox 387 2782 545 2856; x_wconf 88' lang='lat' dir='ltr'>praecedit</span> <span class='ocrx_word' id='word_1_198' title='bbox 575 2779 636 2857; x_wconf 84' lang='lat' dir='ltr'>(cp.</span> <span class='ocrx_word' id='word_1_199' title='bbox 658 2781 711 2840; x_wconf 83' lang='lat'>96:</span> <span class='ocrx_word' id='word_1_200' title='bbox 739 2777 768 2839; x_wconf 82' lang='grc' dir='ltr'><em>ὠ</em></span> <span class='ocrx_word' id='word_1_201' title='bbox 790 2779 877 2850; x_wconf 85' lang='grc' dir='ltr'><strong><em>ξένε</em></strong></span> <span class='ocrx_word' id='word_1_202' title='bbox 898 2776 1048 2856; x_wconf 80' lang='grc' dir='ltr'>εὔνόρον;</span> <span class='ocrx_word' id='word_1_203' title='bbox 1077 2797 1126 2854; x_wconf 92' lang='lat' dir='ltr'>ep.</span> <span class='ocrx_word' id='word_1_204' title='bbox 1148 2779 1186 2838; x_wconf 92' lang='grc'>92</span> <span class='ocrx_word' id='word_1_205' title='bbox 1209 2805 1248 2827; x_wconf 85' lang='lat'><strong>=</strong></span> <span class='ocrx_word' id='word_1_206' title='bbox 1269 2777 1343 2837; x_wconf 88' lang='lat' dir='ltr'><strong>VII.</strong></span> <span class='ocrx_word' id='word_1_207' title='bbox 1365 2778 1423 2837; x_wconf 91' lang='grc'>249</span> 
     </span>
     <span class='ocr_line' id='line_1_24' title="bbox 199 2872 1423 2956; baseline -0.002 -18"><span class='ocrx_word' id='word_1_208' title='bbox 199 2875 226 2938; x_wconf 84' lang='grc' dir='ltr'><strong><em>ὦ</em></strong></span> <span class='ocrx_word' id='word_1_209' title='bbox 248 2878 343 2948; x_wconf 85' lang='grc' dir='ltr'><strong><em>ξεῖν’</em></strong></span> <span class='ocrx_word' id='word_1_210' title='bbox 361 2876 529 2956; x_wconf 79' lang='grc' dir='ltr'>ἄγγειλον).</span> <span class='ocrx_word' id='word_1_211' title='bbox 554 2879 634 2937; x_wconf 89' lang='lat' dir='ltr'>Tum</span> <span class='ocrx_word' id='word_1_212' title='bbox 655 2880 737 2937; x_wconf 92' lang='lat' dir='ltr'>recte</span> <span class='ocrx_word' id='word_1_213' title='bbox 754 2895 788 2936; x_wconf 92' lang='lat' dir='ltr'>se</span> <span class='ocrx_word' id='word_1_214' title='bbox 803 2877 940 2936; x_wconf 87' lang='lat' dir='ltr'>habebat</span> <span class='ocrx_word' id='word_1_215' title='bbox 955 2879 1069 2935; x_wconf 91' lang='lat' dir='ltr'>lemma</span> <span class='ocrx_word' id='word_1_216' title='bbox 1085 2875 1128 2942; x_wconf 83' lang='grc' dir='ltr'>εἰς</span> <span class='ocrx_word' id='word_1_217' title='bbox 1142 2872 1214 2942; x_wconf 83' lang='grc' dir='ltr'><em>τοὺς</em></span> <span class='ocrx_word' id='word_1_218' title='bbox 1230 2873 1345 2942; x_wconf 79' lang='grc' dir='ltr'>αὐτοὺς</span> <span class='ocrx_word' id='word_1_219' title='bbox 1360 2877 1423 2951; x_wconf 92' lang='lat' dir='ltr'>epi-</span> 
     </span>
     <span class='ocr_line' id='line_1_25' title="bbox 198 2973 1423 3052; baseline -0.004 -17"><span class='ocrx_word' id='word_1_220' title='bbox 198 2978 384 3051; x_wconf 86' lang='lat' dir='ltr'>grammatis</span> <span class='ocrx_word' id='word_1_221' title='bbox 405 2977 458 3052; x_wconf 83' lang='lat'>97,</span> <span class='ocrx_word' id='word_1_222' title='bbox 483 3009 522 3018; x_wconf 89' lang='lat'>—</span> <span class='ocrx_word' id='word_1_223' title='bbox 543 2977 672 3035; x_wconf 91' lang='lat' dir='ltr'>minime</span> <span class='ocrx_word' id='word_1_224' title='bbox 693 2993 765 3035; x_wconf 94' lang='lat' dir='ltr'>cum</span> <span class='ocrx_word' id='word_1_225' title='bbox 787 2975 1024 3034; x_wconf 89' lang='lat' dir='ltr'>Wilamowitzio</span> <span class='ocrx_word' id='word_1_226' title='bbox 1045 2992 1074 3048; x_wconf 92' lang='lat' dir='ltr'>p.</span> <span class='ocrx_word' id='word_1_227' title='bbox 1096 2973 1154 3032; x_wconf 89' lang='grc'>309</span> <span class='ocrx_word' id='word_1_228' title='bbox 1176 2991 1207 3031; x_wconf 88' lang='lat' dir='ltr'>n.</span> <span class='ocrx_word' id='word_1_229' title='bbox 1230 2973 1244 3031; x_wconf 88' lang='lat'>1</span> <span class='ocrx_word' id='word_1_230' title='bbox 1272 2973 1423 3048; x_wconf 85' lang='lat' dir='ltr'>‘byzanti-</span> 
     </span>
     <span class='ocr_line' id='line_1_26' title="bbox 198 3071 1424 3149; baseline -0.001 -19"><span class='ocrx_word' id='word_1_231' title='bbox 198 3075 323 3132; x_wconf 89' lang='lat' dir='ltr'>nisehes</span> <span class='ocrx_word' id='word_1_232' title='bbox 340 3074 559 3135; x_wconf 86' lang='lat' dir='ltr'>Geschreibsel</span> <span class='ocrx_word' id='word_1_233' title='bbox 577 3076 660 3133; x_wconf 90' lang='lat' dir='ltr'>ohne</span> <span class='ocrx_word' id='word_1_234' title='bbox 677 3075 747 3149; x_wconf 84' lang='lat' dir='ltr'>jede</span> <span class='ocrx_word' id='word_1_235' title='bbox 763 3071 908 3134; x_wconf 80' lang='lat' dir='ltr'>Gewiihr’</span> <span class='ocrx_word' id='word_1_236' title='bbox 927 3071 1106 3130; x_wconf 90' lang='lat' dir='ltr'>vocandum</span> <span class='ocrx_word' id='word_1_237' title='bbox 1125 3105 1179 3145; x_wconf 91' lang='lat'>—‚</span> <span class='ocrx_word' id='word_1_238' title='bbox 1200 3071 1319 3145; x_wconf 92' lang='lat' dir='ltr'>quippe</span> <span class='ocrx_word' id='word_1_239' title='bbox 1337 3072 1424 3145; x_wconf 92' lang='lat' dir='ltr'>quod</span> 
     </span>
     <span class='ocr_line' id='line_1_27' title="bbox 198 3166 1423 3248; baseline -0.002 -20"><span class='ocrx_word' id='word_1_240' title='bbox 198 3172 370 3231; x_wconf 87' lang='lat' dir='ltr'>referretur</span> <span class='ocrx_word' id='word_1_241' title='bbox 390 3174 430 3232; x_wconf 91' lang='lat' dir='ltr'>ad</span> <span class='ocrx_word' id='word_1_242' title='bbox 452 3173 575 3248; x_wconf 91' lang='lat' dir='ltr'>gemelli</span> <span class='ocrx_word' id='word_1_243' title='bbox 596 3166 835 3248; x_wconf 88' lang='lat' dir='ltr'>epigrammatis</span> <span class='ocrx_word' id='word_1_244' title='bbox 857 3171 991 3245; x_wconf 83' lang='lat' dir='ltr'>lemma,</span> <span class='ocrx_word' id='word_1_245' title='bbox 1023 3169 1108 3243; x_wconf 93' lang='lat' dir='ltr'>quod</span> <span class='ocrx_word' id='word_1_246' title='bbox 1131 3169 1289 3244; x_wconf 88' lang='lat' dir='ltr'>refingcre</span> <span class='ocrx_word' id='word_1_247' title='bbox 1309 3187 1423 3243; x_wconf 88' lang='lat' dir='ltr'>possu-</span> 
     </span>
     <span class='ocr_line' id='line_1_28' title="bbox 198 3261 1422 3346; baseline -0.002 -19"><span class='ocrx_word' id='word_1_248' title='bbox 198 3287 268 3328; x_wconf 92' lang='lat' dir='ltr'>mus</span> <span class='ocrx_word' id='word_1_249' title='bbox 290 3271 351 3330; x_wconf 88' lang='lat' dir='ltr'>sic:</span> <span class='ocrx_word' id='word_1_250' title='bbox 374 3270 416 3337; x_wconf 82' lang='grc' dir='ltr'>εἷς</span> <span class='ocrx_word' id='word_1_251' title='bbox 433 3268 505 3337; x_wconf 82' lang='grc' dir='ltr'><em>τοὺς</em></span> <span class='ocrx_word' id='word_1_252' title='bbox 520 3267 713 3346; x_wconf 72' lang='grc' dir='ltr'><em>Κορινθίους</em></span> <span class='ocrx_word' id='word_1_253' title='bbox 731 3265 802 3335; x_wconf 84' lang='grc' dir='ltr'><em>τοὺς</em></span> <span class='ocrx_word' id='word_1_254' title='bbox 820 3267 853 3328; x_wconf 80' lang='grc' dir='ltr'>ἐν</span> <span class='ocrx_word' id='word_1_255' title='bbox 867 3272 903 3346; x_wconf 83' lang='grc' dir='ltr'>τῇ</span> <span class='ocrx_word' id='word_1_256' title='bbox 919 3261 1074 3345; x_wconf 76' lang='grc' dir='ltr'><strong><em>Σαλαμῖνι</em></strong></span> <span class='ocrx_word' id='word_1_257' title='bbox 1089 3265 1176 3344; x_wconf 84' lang='grc' dir='ltr'>μάχῃ</span> <span class='ocrx_word' id='word_1_258' title='bbox 1192 3263 1422 3332; x_wconf 71' lang='grc' dir='ltr'><strong><em>ἀποθανόντας.</em></strong></span> 
     </span>
     <span class='ocr_line' id='line_1_29' title="bbox 197 3365 1423 3443; baseline -0.002 -18"><span class='ocrx_word' id='word_1_259' title='bbox 197 3367 287 3427; x_wconf 88' lang='lat' dir='ltr'>Nune</span> <span class='ocrx_word' id='word_1_260' title='bbox 314 3386 444 3443; x_wconf 92' lang='lat' dir='ltr'>quoque</span> <span class='ocrx_word' id='word_1_261' title='bbox 470 3369 710 3443; x_wconf 88' lang='lat' dir='ltr'>explicationem</span> <span class='ocrx_word' id='word_1_262' title='bbox 739 3368 833 3426; x_wconf 90' lang='lat' dir='ltr'>habet</span> <span class='ocrx_word' id='word_1_263' title='bbox 860 3367 974 3425; x_wconf 91' lang='lat' dir='ltr'>lemma</span> <span class='ocrx_word' id='word_1_264' title='bbox 1000 3365 1238 3440; x_wconf 88' lang='lat' dir='ltr'>epigrammatis</span> <span class='ocrx_word' id='word_1_265' title='bbox 1261 3365 1423 3438; x_wconf 88' lang='lat' dir='ltr'>sequentis</span> 
     </span>
     <span class='ocr_line' id='line_1_30' title="bbox 198 3451 1423 3541; baseline -0.002 -18"><span class='ocrx_word' id='word_1_266' title='bbox 198 3462 269 3524; x_wconf 91' lang='lat' dir='ltr'><strong>VII.</strong></span> <span class='ocrx_word' id='word_1_267' title='bbox 288 3466 357 3526; x_wconf 89' lang='grc'><strong>251.</strong></span> <span class='ocrx_word' id='word_1_268' title='bbox 382 3467 475 3535; x_wconf 83' lang='lat' dir='ltr'>Quod</span> <span class='ocrx_word' id='word_1_269' title='bbox 493 3485 566 3526; x_wconf 93' lang='lat' dir='ltr'>cum</span> <span class='ocrx_word' id='word_1_270' title='bbox 584 3451 655 3541; x_wconf 85' lang='lat' dir='ltr'>post</span> <span class='ocrx_word' id='word_1_271' title='bbox 671 3466 871 3525; x_wconf 81' lang='lat' dir='ltr'>Corinthiaca</span> <span class='ocrx_word' id='word_1_272' title='bbox 887 3465 950 3523; x_wconf 92' lang='lat' dir='ltr'>duo</span> <span class='ocrx_word' id='word_1_273' title='bbox 965 3465 1071 3523; x_wconf 91' lang='lat' dir='ltr'>denuo</span> <span class='ocrx_word' id='word_1_274' title='bbox 1086 3464 1126 3522; x_wconf 91' lang='lat' dir='ltr'>ad</span> <span class='ocrx_word' id='word_1_275' title='bbox 1142 3463 1423 3538; x_wconf 85' lang='lat' dir='ltr'>Thermopylensia</span> 
     </span>
     <span class='ocr_line' id='line_1_31' title="bbox 197 3561 1423 3640; baseline -0.002 -19"><span class='ocrx_word' id='word_1_276' title='bbox 197 3565 424 3640; x_wconf 88' lang='lat' dir='ltr'>epigrammata</span> <span class='ocrx_word' id='word_1_277' title='bbox 456 3563 515 3623; x_wconf 88' lang='grc'>248</span> <span class='ocrx_word' id='word_1_278' title='bbox 545 3581 593 3638; x_wconf 89' lang='lat' dir='ltr'>sq.</span> <span class='ocrx_word' id='word_1_279' title='bbox 622 3563 823 3621; x_wconf 77' lang='lat' dir='ltr'>referendum</span> <span class='ocrx_word' id='word_1_280' title='bbox 850 3564 950 3637; x_wconf 81' lang='lat' dir='ltr'>esset„</span> <span class='ocrx_word' id='word_1_281' title='bbox 985 3578 1074 3621; x_wconf 82' lang='lat' dir='ltr'>nouo</span> <span class='ocrx_word' id='word_1_282' title='bbox 1102 3561 1327 3620; x_wconf 90' lang='lat' dir='ltr'>instruendum</span> <span class='ocrx_word' id='word_1_283' title='bbox 1356 3563 1423 3618; x_wconf 91' lang='lat' dir='ltr'>erat</span> 
     </span>
     <span class='ocr_line' id='line_1_32' title="bbox 197 3656 1418 3737; baseline -0.003 -19"><span class='ocrx_word' id='word_1_284' title='bbox 197 3661 342 3721; x_wconf 88' lang='lat' dir='ltr'>lemmate</span> <span class='ocrx_word' id='word_1_285' title='bbox 361 3659 403 3727; x_wconf 86' lang='grc' dir='ltr'>εἰς</span> <span class='ocrx_word' id='word_1_286' title='bbox 416 3657 489 3726; x_wconf 84' lang='grc' dir='ltr'><em>τοὺς</em></span> <span class='ocrx_word' id='word_1_287' title='bbox 502 3657 579 3737; x_wconf 83' lang='grc' dir='ltr'><em>μετὰ</em></span> <span class='ocrx_word' id='word_1_288' title='bbox 595 3657 761 3719; x_wconf 82' lang='grc' dir='ltr'>Λεωνίδου</span> <span class='ocrx_word' id='word_1_289' title='bbox 776 3657 941 3732; x_wconf 80' lang='grc' dir='ltr'><strong><em>πεοόντας;</em></strong></span> <span class='ocrx_word' id='word_1_290' title='bbox 965 3661 1195 3734; x_wconf 91' lang='lat' dir='ltr'>epigrammata</span> <span class='ocrx_word' id='word_1_291' title='bbox 1208 3656 1282 3718; x_wconf 88' lang='lat' dir='ltr'><strong>VII.</strong></span> <span class='ocrx_word' id='word_1_292' title='bbox 1297 3658 1355 3716; x_wconf 87' lang='grc'>252</span> <span class='ocrx_word' id='word_1_293' title='bbox 1372 3675 1418 3731; x_wconf 89' lang='lat' dir='ltr'>sq.</span> 
     </span>
     <span class='ocr_line' id='line_1_33' title="bbox 196 3754 1422 3832; baseline -0.002 -16"><span class='ocrx_word' id='word_1_294' title='bbox 196 3759 308 3818; x_wconf 91' lang='lat' dir='ltr'>deinde</span> <span class='ocrx_word' id='word_1_295' title='bbox 329 3776 417 3817; x_wconf 90' lang='lat' dir='ltr'>mero</span> <span class='ocrx_word' id='word_1_296' title='bbox 438 3759 584 3817; x_wconf 92' lang='lat' dir='ltr'>lemmate</span> <span class='ocrx_word' id='word_1_297' title='bbox 605 3757 647 3824; x_wconf 84' lang='grc' dir='ltr'>εἰς</span> <span class='ocrx_word' id='word_1_298' title='bbox 667 3754 739 3823; x_wconf 85' lang='grc' dir='ltr'><em>τοὺς</em></span> <span class='ocrx_word' id='word_1_299' title='bbox 760 3754 874 3823; x_wconf 78' lang='grc' dir='ltr'>αὐτοὺς</span> <span class='ocrx_word' id='word_1_300' title='bbox 895 3758 1014 3816; x_wconf 93' lang='lat' dir='ltr'>muniri</span> <span class='ocrx_word' id='word_1_301' title='bbox 1034 3760 1190 3832; x_wconf 90' lang='lat' dir='ltr'>poterant.</span> <span class='ocrx_word' id='word_1_302' title='bbox 1215 3757 1422 3830; x_wconf 86' lang='lat' dir='ltr'>Epigramma</span> 
     </span>
     <span class='ocr_line' id='line_1_34' title="bbox 197 3854 1422 3930; baseline -0.002 -16"><span class='ocrx_word' id='word_1_303' title='bbox 197 3860 301 3915; x_wconf 84' lang='lat' dir='ltr'>autem</span> <span class='ocrx_word' id='word_1_304' title='bbox 334 3857 572 3915; x_wconf 80' lang='lat' dir='ltr'>Corinthiacum</span> <span class='ocrx_word' id='word_1_305' title='bbox 603 3855 642 3915; x_wconf 88' lang='grc'>96</span> <span class='ocrx_word' id='word_1_306' title='bbox 673 3858 843 3930; x_wconf 90' lang='lat' dir='ltr'>postquam</span> <span class='ocrx_word' id='word_1_307' title='bbox 874 3856 1052 3929; x_wconf 85' lang='lat' dir='ltr'>intercidit,</span> <span class='ocrx_word' id='word_1_308' title='bbox 1090 3856 1238 3913; x_wconf 88' lang='lat' dir='ltr'>lemmata</span> <span class='ocrx_word' id='word_1_309' title='bbox 1269 3854 1422 3928; x_wconf 91' lang='lat' dir='ltr'>primaria</span> 
     </span>
     <span class='ocr_line' id='line_1_35' title="bbox 197 3951 1421 4031; baseline -0.004 -19"><span class='ocrx_word' id='word_1_310' title='bbox 197 3955 318 4031; x_wconf 88' lang='lat' dir='ltr'>integra</span> <span class='ocrx_word' id='word_1_311' title='bbox 346 3955 535 4029; x_wconf 84' lang='lat' dir='ltr'>manebant,</span> <span class='ocrx_word' id='word_1_312' title='bbox 567 3954 629 4011; x_wconf 90' lang='lat' dir='ltr'>nisi</span> <span class='ocrx_word' id='word_1_313' title='bbox 657 3954 743 4027; x_wconf 92' lang='lat' dir='ltr'>quod</span> <span class='ocrx_word' id='word_1_314' title='bbox 771 3972 789 4012; x_wconf 90' lang='lat' dir='ltr'>a</span> <span class='ocrx_word' id='word_1_315' title='bbox 816 3954 947 4012; x_wconf 90' lang='lat' dir='ltr'>librario</span> <span class='ocrx_word' id='word_1_316' title='bbox 976 3951 1116 4028; x_wconf 91' lang='lat' dir='ltr'>quodam</span> <span class='ocrx_word' id='word_1_317' title='bbox 1137 3953 1170 4009; x_wconf 91' lang='lat' dir='ltr'>in</span> <span class='ocrx_word' id='word_1_318' title='bbox 1191 3952 1338 4010; x_wconf 88' lang='lat' dir='ltr'>lemmate</span> <span class='ocrx_word' id='word_1_319' title='bbox 1359 3951 1421 4025; x_wconf 93' lang='lat' dir='ltr'>epi·</span> 
     </span>
     <span class='ocr_line' id='line_1_36' title="bbox 197 4046 1418 4129; baseline -0.004 -17"><span class='ocrx_word' id='word_1_320' title='bbox 197 4055 382 4129; x_wconf 88' lang='lat' dir='ltr'>grammatis</span> <span class='ocrx_word' id='word_1_321' title='bbox 401 4051 475 4113; x_wconf 93' lang='lat' dir='ltr'>VII.</span> <span class='ocrx_word' id='word_1_322' title='bbox 496 4052 554 4111; x_wconf 94' lang='grc'>252</span> <span class='ocrx_word' id='word_1_323' title='bbox 576 4056 647 4127; x_wconf 87' lang='lat' dir='ltr'>post</span> <span class='ocrx_word' id='word_1_324' title='bbox 666 4050 708 4118; x_wconf 84' lang='grc' dir='ltr'>εἰς</span> <span class='ocrx_word' id='word_1_325' title='bbox 725 4049 797 4119; x_wconf 85' lang='grc' dir='ltr'><em>τοὺς</em></span> <span class='ocrx_word' id='word_1_326' title='bbox 815 4054 971 4112; x_wconf 86' lang='lat' dir='ltr'>insertum</span> <span class='ocrx_word' id='word_1_327' title='bbox 989 4054 1036 4110; x_wconf 89' lang='lat' dir='ltr'>est</span> <span class='ocrx_word' id='word_1_328' title='bbox 1055 4050 1246 4109; x_wconf 90' lang='lat' dir='ltr'>vocabulum</span> <span class='ocrx_word' id='word_1_329' title='bbox 1267 4046 1418 4126; x_wconf 82' lang='grc' dir='ltr'>[αὐτοὺς],</span> 
     </span>
     <span class='ocr_line' id='line_1_37' title="bbox 197 4149 1422 4226; baseline -0.005 -15"><span class='ocrx_word' id='word_1_330' title='bbox 197 4154 280 4226; x_wconf 92' lang='lat' dir='ltr'>quod</span> <span class='ocrx_word' id='word_1_331' title='bbox 309 4168 413 4226; x_wconf 87' lang='lat' dir='ltr'>neque</span> <span class='ocrx_word' id='word_1_332' title='bbox 440 4151 472 4209; x_wconf 92' lang='lat' dir='ltr'>in</span> <span class='ocrx_word' id='word_1_333' title='bbox 501 4151 718 4226; x_wconf 89' lang='lat' dir='ltr'>praecedentis</span> <span class='ocrx_word' id='word_1_334' title='bbox 746 4168 851 4225; x_wconf 91' lang='lat' dir='ltr'>neque</span> <span class='ocrx_word' id='word_1_335' title='bbox 878 4151 910 4208; x_wconf 94' lang='lat' dir='ltr'>in</span> <span class='ocrx_word' id='word_1_336' title='bbox 933 4150 1134 4224; x_wconf 89' lang='lat' dir='ltr'>sequentium</span> <span class='ocrx_word' id='word_1_337' title='bbox 1156 4149 1422 4222; x_wconf 87' lang='lat' dir='ltr'>epigrammatum</span> 
     </span>
     <span class='ocr_line' id='line_1_38' title="bbox 195 4249 845 4310; baseline -0.002 -3"><span class='ocrx_word' id='word_1_338' title='bbox 195 4251 351 4310; x_wconf 87' lang='lat' dir='ltr'>lemmatis</span> <span class='ocrx_word' id='word_1_339' title='bbox 372 4250 547 4309; x_wconf 87' lang='lat' dir='ltr'>desiderari</span> <span class='ocrx_word' id='word_1_340' title='bbox 568 4249 845 4308; x_wconf 91' lang='lat' dir='ltr'>animadverterat.</span> 
     </span>
    </p>

    <p class='ocr_par' dir='ltr' id='par_1_3' title="bbox 197 4344 1422 4912">
     <span class='ocr_line' id='line_1_39' title="bbox 235 4344 1421 4424; baseline -0.005 -18"><span class='ocrx_word' id='word_1_341' title='bbox 235 4349 442 4424; x_wconf 85' lang='lat' dir='ltr'>Epigramma</span> <span class='ocrx_word' id='word_1_342' title='bbox 469 4348 548 4406; x_wconf 93' lang='lat' dir='ltr'>illud</span> <span class='ocrx_word' id='word_1_343' title='bbox 576 4364 640 4404; x_wconf 90' lang='lat' dir='ltr'>non</span> <span class='ocrx_word' id='word_1_344' title='bbox 669 4349 740 4421; x_wconf 87' lang='lat' dir='ltr'>post</span> <span class='ocrx_word' id='word_1_345' title='bbox 767 4347 938 4421; x_wconf 81' lang='lat' dir='ltr'>Cephalam</span> <span class='ocrx_word' id='word_1_346' title='bbox 965 4346 1121 4405; x_wconf 90' lang='lat' dir='ltr'>excidisse</span> <span class='ocrx_word' id='word_1_347' title='bbox 1141 4363 1213 4404; x_wconf 91' lang='lat' dir='ltr'>eum</span> <span class='ocrx_word' id='word_1_348' title='bbox 1236 4361 1272 4402; x_wconf 93' lang='lat' dir='ltr'>eo</span> <span class='ocrx_word' id='word_1_349' title='bbox 1293 4344 1421 4401; x_wconf 91' lang='lat' dir='ltr'>demon·</span> 
     </span>
     <span class='ocr_line' id='line_1_40' title="bbox 197 4441 1422 4521; baseline -0.005 -17"><span class='ocrx_word' id='word_1_350' title='bbox 197 4449 330 4521; x_wconf 89' lang='lat' dir='ltr'>stratur,</span> <span class='ocrx_word' id='word_1_351' title='bbox 361 4446 448 4519; x_wconf 93' lang='lat' dir='ltr'>quod</span> <span class='ocrx_word' id='word_1_352' title='bbox 477 4445 636 4503; x_wconf 89' lang='lat' dir='ltr'>Planudes</span> <span class='ocrx_word' id='word_1_353' title='bbox 661 4445 693 4502; x_wconf 94' lang='lat' dir='ltr'>id</span> <span class='ocrx_word' id='word_1_354' title='bbox 715 4461 779 4502; x_wconf 92' lang='lat' dir='ltr'>non</span> <span class='ocrx_word' id='word_1_355' title='bbox 800 4445 916 4518; x_wconf 86' lang='lat' dir='ltr'>legisse</span> <span class='ocrx_word' id='word_1_356' title='bbox 937 4445 1077 4519; x_wconf 84' lang='lat' dir='ltr'>videtur,</span> <span class='ocrx_word' id='word_1_357' title='bbox 1108 4447 1250 4517; x_wconf 87' lang='lat' dir='ltr'>tumeo,</span> <span class='ocrx_word' id='word_1_358' title='bbox 1282 4442 1368 4516; x_wconf 94' lang='lat' dir='ltr'>quod</span> <span class='ocrx_word' id='word_1_359' title='bbox 1388 4441 1422 4498; x_wconf 91' lang='lat' dir='ltr'>in</span> 
     </span>
     <span class='ocr_line' id='line_1_41' title="bbox 197 4529 1421 4618; baseline -0.004 -17"><span class='ocrx_word' id='word_1_360' title='bbox 197 4544 348 4603; x_wconf 90' lang='lat' dir='ltr'>decadum</span> <span class='ocrx_word' id='word_1_361' title='bbox 371 4543 605 4618; x_wconf 86' lang='lat' dir='ltr'>computatione</span> <span class='ocrx_word' id='word_1_362' title='bbox 626 4542 750 4600; x_wconf 88' lang='lat' dir='ltr'>nullum</span> <span class='ocrx_word' id='word_1_363' title='bbox 771 4559 820 4616; x_wconf 90' lang='lat' dir='ltr'>ep.</span> <span class='ocrx_word' id='word_1_364' title='bbox 842 4529 1020 4618; x_wconf 79' lang='lat' dir='ltr'>neglectum</span> <span class='ocrx_word' id='word_1_365' title='bbox 1042 4545 1100 4600; x_wconf 91' lang='lat' dir='ltr'>est.</span> <span class='ocrx_word' id='word_1_366' title='bbox 1135 4543 1245 4615; x_wconf 91' lang='lat' dir='ltr'>Neque</span> <span class='ocrx_word' id='word_1_367' title='bbox 1266 4540 1421 4614; x_wconf 92' lang='lat' dir='ltr'>epigram·</span> 
     </span>
     <span class='ocr_line' id='line_1_42' title="bbox 198 4638 1422 4716; baseline -0.003 -17"><span class='ocrx_word' id='word_1_368' title='bbox 198 4643 289 4700; x_wconf 84' lang='lat' dir='ltr'>matis</span> <span class='ocrx_word' id='word_1_369' title='bbox 302 4642 433 4701; x_wconf 88' lang='lat' dir='ltr'>omissio</span> <span class='ocrx_word' id='word_1_370' title='bbox 445 4641 602 4716; x_wconf 82' lang='lat' dir='ltr'>Cephalae</span> <span class='ocrx_word' id='word_1_371' title='bbox 615 4641 677 4715; x_wconf 92' lang='lat' dir='ltr'>ipsi</span> <span class='ocrx_word' id='word_1_372' title='bbox 691 4641 879 4714; x_wconf 87' lang='lat' dir='ltr'>imputanda</span> <span class='ocrx_word' id='word_1_373' title='bbox 894 4644 955 4713; x_wconf 87' lang='lat' dir='ltr'>est;</span> <span class='ocrx_word' id='word_1_374' title='bbox 972 4639 1027 4714; x_wconf 92' lang='lat' dir='ltr'>qui</span> <span class='ocrx_word' id='word_1_375' title='bbox 1042 4640 1070 4697; x_wconf 93' lang='lat' dir='ltr'>si</span> <span class='ocrx_word' id='word_1_376' title='bbox 1085 4639 1230 4698; x_wconf 90' lang='lat' dir='ltr'>consulto</span> <span class='ocrx_word' id='word_1_377' title='bbox 1241 4638 1273 4696; x_wconf 93' lang='lat' dir='ltr'>id</span> <span class='ocrx_word' id='word_1_378' title='bbox 1284 4640 1422 4712; x_wconf 89' lang='lat' dir='ltr'>praeter-</span> 
     </span>
     <span class='ocr_line' id='line_1_43' title="bbox 198 4735 1422 4815; baseline -0.002 -19"><span class='ocrx_word' id='word_1_379' title='bbox 198 4740 383 4798; x_wconf 91' lang='lat' dir='ltr'>mittendum</span> <span class='ocrx_word' id='word_1_380' title='bbox 415 4741 575 4814; x_wconf 86' lang='lat' dir='ltr'>duxisset,</span> <span class='ocrx_word' id='word_1_381' title='bbox 610 4739 831 4814; x_wconf 90' lang='lat' dir='ltr'>epigrammati</span> <span class='ocrx_word' id='word_1_382' title='bbox 860 4739 993 4815; x_wconf 89' lang='lat' dir='ltr'>gemello</span> <span class='ocrx_word' id='word_1_383' title='bbox 1020 4735 1095 4797; x_wconf 90' lang='lat' dir='ltr'>VII.</span> <span class='ocrx_word' id='word_1_384' title='bbox 1123 4737 1182 4796; x_wconf 88' lang='grc'>250</span> <span class='ocrx_word' id='word_1_385' title='bbox 1210 4737 1266 4794; x_wconf 93' lang='lat' dir='ltr'>uni</span> <span class='ocrx_word' id='word_1_386' title='bbox 1296 4737 1422 4794; x_wconf 89' lang='lat' dir='ltr'>servato</span> 
     </span>
     <span class='ocr_line' id='line_1_44' title="bbox 199 4835 1421 4912; baseline -0.004 -17"><span class='ocrx_word' id='word_1_387' title='bbox 199 4835 280 4898; x_wconf 88' lang='lat' dir='ltr'>illius</span> <span class='ocrx_word' id='word_1_388' title='bbox 300 4838 414 4896; x_wconf 91' lang='lat' dir='ltr'>lemma</span> <span class='ocrx_word' id='word_1_389' title='bbox 436 4837 646 4912; x_wconf 88' lang='lat' dir='ltr'>ascripsisset.</span> <span class='ocrx_word' id='word_1_390' title='bbox 679 4837 779 4896; x_wconf 87' lang='lat' dir='ltr'>Error</span> <span class='ocrx_word' id='word_1_391' title='bbox 800 4837 898 4912; x_wconf 91' lang='lat' dir='ltr'>igitur</span> <span class='ocrx_word' id='word_1_392' title='bbox 920 4839 967 4896; x_wconf 90' lang='lat' dir='ltr'>est</span> <span class='ocrx_word' id='word_1_393' title='bbox 988 4836 1122 4900; x_wconf 90' lang='lat' dir='ltr'>alieuius</span> <span class='ocrx_word' id='word_1_394' title='bbox 1145 4835 1288 4893; x_wconf 82' lang='lat' dir='ltr'>Coronae</span> <span class='ocrx_word' id='word_1_395' title='bbox 1310 4835 1421 4891; x_wconf 91' lang='lat' dir='ltr'>Melea·</span> 
     </span>
    </p>
   </div>
   <div class='ocr_carea' id='block_1_3' title="bbox 0 0 1790 5716">
    <p class='ocr_par' dir='ltr' id='par_1_4' title="bbox 0 0 1790 5716">
     <span class='ocr_line' id='line_1_45' title="bbox 0 0 1790 5716; baseline 0 1"><span class='ocrx_word' id='word_1_396' title='bbox 0 0 1790 5716; x_wconf 95' lang='lat' dir='ltr'> </span> 
     </span>
    </p>
   </div>
  </div>
 </body>
</html>
