<?xml version="1.0" encoding="UTF-8"?>
<!DOCTYPE html PUBLIC "-//W3C//DTD XHTML 1.0 Transitional//EN"
    "http://www.w3.org/TR/xhtml1/DTD/xhtml1-transitional.dtd">
<html xmlns="http://www.w3.org/1999/xhtml" xml:lang="en" lang="en">
 <head>
  <title>
</title>
<meta http-equiv="Content-Type" content="text/html;charset=utf-8" />
  <meta name='ocr-system' content='tesseract 3.04.00' />
  <meta name='ocr-capabilities' content='ocr_page ocr_carea ocr_par ocr_line ocrx_word'/>
</head>
<body>
  <div class='ocr_page' id='page_1' title='image "./deepigrammatiss00boasgoog_0051.png"; bbox 0 0 3546 5724; ppageno 0'>
   <div class='ocr_carea' id='block_1_1' title="bbox 784 485 1412 571">
    <p class='ocr_par' dir='ltr' id='par_1_1' title="bbox 784 485 1412 571">
     <span class='ocr_line' id='line_1_1' title="bbox 784 485 1412 571; baseline 0.005 -20"><span class='ocrx_word' id='word_1_1' title='bbox 784 485 822 552; x_wconf 74' lang='grc' dir='ltr'>εν</span> <span class='ocrx_word' id='word_1_2' title='bbox 1242 485 1261 571; x_wconf 67' lang='lat' dir='ltr'>a</span> <span class='ocrx_word' id='word_1_3' title='bbox 1288 488 1339 569; x_wconf 83' lang='lat'>18,</span> <span class='ocrx_word' id='word_1_4' title='bbox 1366 491 1412 554; x_wconf 85' lang='lat'>19.</span> 
     </span>
    </p>
   </div>
   <div class='ocr_carea' id='block_1_2' title="bbox 186 679 1431 3107">
    <p class='ocr_par' dir='ltr' id='par_1_2' title="bbox 188 679 1431 1343">
     <span class='ocr_line' id='line_1_2' title="bbox 189 679 1415 756; baseline -0.001 -14"><span class='ocrx_word' id='word_1_5' title='bbox 189 679 375 742; x_wconf 87' lang='lat' dir='ltr'>testificatus</span> <span class='ocrx_word' id='word_1_6' title='bbox 404 683 503 756; x_wconf 92' lang='lat' dir='ltr'>esset,</span> <span class='ocrx_word' id='word_1_7' title='bbox 534 696 576 739; x_wconf 91' lang='lat' dir='ltr'>an</span> <span class='ocrx_word' id='word_1_8' title='bbox 605 679 779 740; x_wconf 90' lang='lat' dir='ltr'>benevolus</span> <span class='ocrx_word' id='word_1_9' title='bbox 808 681 930 740; x_wconf 88' lang='lat' dir='ltr'>amicus</span> <span class='ocrx_word' id='word_1_10' title='bbox 955 679 1005 739; x_wconf 89' lang='lat' dir='ltr'>vel</span> <span class='ocrx_word' id='word_1_11' title='bbox 1027 680 1170 739; x_wconf 79' lang='lat' dir='ltr'>mercede</span> <span class='ocrx_word' id='word_1_12' title='bbox 1190 681 1322 755; x_wconf 90' lang='lat' dir='ltr'>quidam</span> <span class='ocrx_word' id='word_1_13' title='bbox 1343 699 1415 741; x_wconf 91' lang='lat' dir='ltr'>con·</span> 
     </span>
     <span class='ocr_line' id='line_1_3' title="bbox 189 778 1416 856; baseline -0.002 -16"><span class='ocrx_word' id='word_1_14' title='bbox 189 783 304 840; x_wconf 90' lang='lat' dir='ltr'>ductus</span> <span class='ocrx_word' id='word_1_15' title='bbox 325 797 454 856; x_wconf 83' lang='lat' dir='ltr'>operam</span> <span class='ocrx_word' id='word_1_16' title='bbox 476 779 505 837; x_wconf 90' lang='lat' dir='ltr'>ei</span> <span class='ocrx_word' id='word_1_17' title='bbox 526 778 752 853; x_wconf 81' lang='lat' dir='ltr'>praestitisset,</span> <span class='ocrx_word' id='word_1_18' title='bbox 784 796 894 837; x_wconf 87' lang='lat' dir='ltr'>earum</span> <span class='ocrx_word' id='word_1_19' title='bbox 917 796 1022 837; x_wconf 89' lang='lat' dir='ltr'>rerum</span> <span class='ocrx_word' id='word_1_20' title='bbox 1046 779 1191 838; x_wconf 91' lang='lat' dir='ltr'>homines</span> <span class='ocrx_word' id='word_1_21' title='bbox 1212 797 1275 838; x_wconf 94' lang='lat' dir='ltr'>non</span> <span class='ocrx_word' id='word_1_22' title='bbox 1299 781 1416 839; x_wconf 91' lang='lat' dir='ltr'>curiosi</span> 
     </span>
     <span class='ocr_line' id='line_1_4' title="bbox 189 875 1416 952; baseline 0 -15"><span class='ocrx_word' id='word_1_23' title='bbox 189 881 288 938; x_wconf 89' lang='lat' dir='ltr'>erant.</span> <span class='ocrx_word' id='word_1_24' title='bbox 333 879 412 936; x_wconf 90' lang='lat' dir='ltr'>Eius</span> <span class='ocrx_word' id='word_1_25' title='bbox 453 875 618 952; x_wconf 81' lang='lat' dir='ltr'>inscriptio</span> <span class='ocrx_word' id='word_1_26' title='bbox 659 876 720 934; x_wconf 91' lang='lat' dir='ltr'>dici</span> <span class='ocrx_word' id='word_1_27' title='bbox 763 876 903 951; x_wconf 84' lang='lat' dir='ltr'>solebat,</span> <span class='ocrx_word' id='word_1_28' title='bbox 948 877 1003 950; x_wconf 93' lang='lat' dir='ltr'>qui</span> <span class='ocrx_word' id='word_1_29' title='bbox 1045 876 1255 935; x_wconf 89' lang='lat' dir='ltr'>dedicaverat.</span> <span class='ocrx_word' id='word_1_30' title='bbox 1302 878 1416 952; x_wconf 86' lang='lat' dir='ltr'>Itaque</span> 
     </span>
     <span class='ocr_line' id='line_1_5' title="bbox 191 974 1415 1050; baseline -0.001 -16"><span class='ocrx_word' id='word_1_31' title='bbox 191 975 416 1035; x_wconf 87' lang='lat' dir='ltr'>Simonidis</span> <span class='ocrx_word' id='word_1_32' title='bbox 448 974 704 1050; x_wconf 87' lang='lat' dir='ltr'>temporibus</span> <span class='ocrx_word' id='word_1_33' title='bbox 734 974 973 1049; x_wconf 84' lang='lat' dir='ltr'>inscriptio,</span> <span class='ocrx_word' id='word_1_34' title='bbox 1006 974 1122 1032; x_wconf 88' lang='lat' dir='ltr'>nedum</span> <span class='ocrx_word' id='word_1_35' title='bbox 1151 974 1254 1033; x_wconf 89' lang='lat' dir='ltr'>dicam</span> <span class='ocrx_word' id='word_1_36' title='bbox 1282 974 1415 1050; x_wconf 89' lang='lat' dir='ltr'>inscrip-</span> 
     </span>
     <span class='ocr_line' id='line_1_6' title="bbox 188 1069 1412 1149; baseline 0.001 -17"><span class='ocrx_word' id='word_1_37' title='bbox 188 1075 305 1133; x_wconf 88' lang='lat' dir='ltr'>tionem</span> <span class='ocrx_word' id='word_1_38' title='bbox 336 1074 515 1148; x_wconf 82' lang='lat' dir='ltr'>metricam,</span> <span class='ocrx_word' id='word_1_39' title='bbox 550 1090 633 1146; x_wconf 90' lang='lat' dir='ltr'>quae</span> <span class='ocrx_word' id='word_1_40' title='bbox 663 1073 832 1147; x_wconf 90' lang='lat' dir='ltr'>praecipue</span> <span class='ocrx_word' id='word_1_41' title='bbox 860 1075 969 1146; x_wconf 91' lang='lat' dir='ltr'>postea</span> <span class='ocrx_word' id='word_1_42' title='bbox 997 1069 1179 1148; x_wconf 79' lang='grc' dir='ltr'><em>ἐπίγραμμα</em></span> <span class='ocrx_word' id='word_1_43' title='bbox 1209 1076 1319 1132; x_wconf 88' lang='lat' dir='ltr'>vocata</span> <span class='ocrx_word' id='word_1_44' title='bbox 1348 1078 1412 1149; x_wconf 91' lang='lat' dir='ltr'>est,</span> 
     </span>
     <span class='ocr_line' id='line_1_7' title="bbox 189 1169 1431 1244; baseline -0.003 -14"><span class='ocrx_word' id='word_1_45' title='bbox 189 1172 362 1230; x_wconf 90' lang='lat' dir='ltr'>nondum</span> <span class='ocrx_word' id='word_1_46' title='bbox 395 1189 481 1230; x_wconf 92' lang='lat' dir='ltr'>cum</span> <span class='ocrx_word' id='word_1_47' title='bbox 513 1171 700 1229; x_wconf 90' lang='lat' dir='ltr'>auctoris</span> <span class='ocrx_word' id='word_1_48' title='bbox 732 1170 795 1228; x_wconf 90' lang='lat' dir='ltr'>vel</span> <span class='ocrx_word' id='word_1_49' title='bbox 827 1172 970 1244; x_wconf 90' lang='lat' dir='ltr'>poetae</span> <span class='ocrx_word' id='word_1_50' title='bbox 1002 1169 1163 1228; x_wconf 91' lang='lat' dir='ltr'>nomine</span> <span class='ocrx_word' id='word_1_51' title='bbox 1193 1173 1431 1231; x_wconf 76' lang='lat' dir='ltr'>coniuncta,</span> 
     </span>
     <span class='ocr_line' id='line_1_8' title="bbox 188 1266 511 1343; baseline 0 -17"><span class='ocrx_word' id='word_1_52' title='bbox 188 1269 440 1329; x_wconf 89' lang='lat' dir='ltr'>laudabatur</span> <span class='ocrx_word' id='word_1_53' title='bbox 460 1266 511 1343; x_wconf 80' lang='grc'>46).</span> 
     </span>
    </p>

    <p class='ocr_par' dir='ltr' id='par_1_3' title="bbox 186 1366 1416 3107">
     <span class='ocr_line' id='line_1_9' title="bbox 228 1366 1411 1442; baseline 0.001 -17"><span class='ocrx_word' id='word_1_54' title='bbox 228 1368 334 1426; x_wconf 84' lang='lat' dir='ltr'>Talem</span> <span class='ocrx_word' id='word_1_55' title='bbox 366 1367 467 1426; x_wconf 83' lang='lat' dir='ltr'>luisse</span> <span class='ocrx_word' id='word_1_56' title='bbox 498 1367 666 1440; x_wconf 88' lang='lat' dir='ltr'>antiquum</span> <span class='ocrx_word' id='word_1_57' title='bbox 698 1366 937 1442; x_wconf 85' lang='lat' dir='ltr'>epigrammatis</span> <span class='ocrx_word' id='word_1_58' title='bbox 970 1368 1089 1424; x_wconf 90' lang='lat' dir='ltr'>statum</span> <span class='ocrx_word' id='word_1_59' title='bbox 1119 1367 1328 1426; x_wconf 86' lang='lat' dir='ltr'>confirmatur</span> <span class='ocrx_word' id='word_1_60' title='bbox 1356 1369 1411 1442; x_wconf 90' lang='lat' dir='ltr'>iis,</span> 
     </span>
     <span class='ocr_line' id='line_1_10' title="bbox 188 1463 1411 1540; baseline 0.001 -16"><span class='ocrx_word' id='word_1_61' title='bbox 188 1482 270 1539; x_wconf 91' lang='lat' dir='ltr'>quae</span> <span class='ocrx_word' id='word_1_62' title='bbox 302 1465 340 1523; x_wconf 89' lang='lat' dir='ltr'>de</span> <span class='ocrx_word' id='word_1_63' title='bbox 371 1465 431 1524; x_wconf 89' lang='lat' dir='ltr'>alia</span> <span class='ocrx_word' id='word_1_64' title='bbox 463 1464 606 1523; x_wconf 91' lang='lat' dir='ltr'>eiusdem</span> <span class='ocrx_word' id='word_1_65' title='bbox 634 1465 699 1522; x_wconf 91' lang='lat' dir='ltr'>fere</span> <span class='ocrx_word' id='word_1_66' title='bbox 727 1464 840 1523; x_wconf 91' lang='lat' dir='ltr'>aetatis</span> <span class='ocrx_word' id='word_1_67' title='bbox 869 1463 1065 1522; x_wconf 90' lang='lat' dir='ltr'>dedicatione</span> <span class='ocrx_word' id='word_1_68' title='bbox 1092 1465 1217 1540; x_wconf 87' lang='lat' dir='ltr'>cognita</span> <span class='ocrx_word' id='word_1_69' title='bbox 1246 1466 1411 1525; x_wconf 82' lang='lat' dir='ltr'>habemus</span> 
     </span>
     <span class='ocr_line' id='line_1_11' title="bbox 188 1561 1416 1639; baseline 0.002 -18"><span class='ocrx_word' id='word_1_70' title='bbox 188 1563 358 1622; x_wconf 90' lang='lat' dir='ltr'>Aeschines</span> <span class='ocrx_word' id='word_1_71' title='bbox 386 1564 471 1622; x_wconf 92' lang='lat' dir='ltr'>enim</span> <span class='ocrx_word' id='word_1_72' title='bbox 501 1563 583 1622; x_wconf 81' lang='lat' dir='ltr'>Olea.</span> <span class='ocrx_word' id='word_1_73' title='bbox 614 1561 689 1636; x_wconf 88' lang='lat'>183,</span> <span class='ocrx_word' id='word_1_74' title='bbox 719 1565 755 1620; x_wconf 92' lang='lat' dir='ltr'>ut</span> <span class='ocrx_word' id='word_1_75' title='bbox 784 1562 1019 1620; x_wconf 86' lang='lat' dir='ltr'>demonstraret</span> <span class='ocrx_word' id='word_1_76' title='bbox 1045 1579 1142 1636; x_wconf 88' lang='lat' dir='ltr'>quam</span> <span class='ocrx_word' id='word_1_77' title='bbox 1172 1564 1313 1622; x_wconf 88' lang='lat' dir='ltr'>modeste</span> <span class='ocrx_word' id='word_1_78' title='bbox 1340 1582 1416 1639; x_wconf 88' lang='lat' dir='ltr'>prae</span> 
     </span>
     <span class='ocr_line' id='line_1_12' title="bbox 187 1659 1416 1734; baseline 0.003 -17"><span class='ocrx_word' id='word_1_79' title='bbox 187 1660 314 1720; x_wconf 91' lang='lat' dir='ltr'>illorum</span> <span class='ocrx_word' id='word_1_80' title='bbox 345 1663 523 1734; x_wconf 91' lang='lat' dir='ltr'>temporum</span> <span class='ocrx_word' id='word_1_81' title='bbox 553 1659 789 1734; x_wconf 83' lang='lat' dir='ltr'>magnificentia</span> <span class='ocrx_word' id='word_1_82' title='bbox 818 1662 914 1732; x_wconf 87' lang='lat' dir='ltr'>atque</span> <span class='ocrx_word' id='word_1_83' title='bbox 942 1659 1129 1718; x_wconf 88' lang='lat' dir='ltr'>liberalitate</span> <span class='ocrx_word' id='word_1_84' title='bbox 1156 1660 1241 1720; x_wconf 89' lang='lat' dir='ltr'>cives</span> <span class='ocrx_word' id='word_1_85' title='bbox 1269 1661 1350 1721; x_wconf 90' lang='lat' dir='ltr'>bene</span> <span class='ocrx_word' id='word_1_86' title='bbox 1377 1662 1416 1721; x_wconf 93' lang='lat' dir='ltr'>de</span> 
     </span>
     <span class='ocr_line' id='line_1_13' title="bbox 188 1756 1411 1834; baseline 0.001 -18"><span class='ocrx_word' id='word_1_87' title='bbox 188 1758 290 1832; x_wconf 90' lang='lat' dir='ltr'>patria</span> <span class='ocrx_word' id='word_1_88' title='bbox 305 1759 434 1816; x_wconf 90' lang='lat' dir='ltr'>meritos</span> <span class='ocrx_word' id='word_1_89' title='bbox 449 1757 648 1816; x_wconf 87' lang='lat' dir='ltr'>remunerari</span> <span class='ocrx_word' id='word_1_90' title='bbox 663 1757 746 1814; x_wconf 91' lang='lat' dir='ltr'>soliti</span> <span class='ocrx_word' id='word_1_91' title='bbox 761 1759 868 1815; x_wconf 91' lang='lat' dir='ltr'>essent</span> <span class='ocrx_word' id='word_1_92' title='bbox 884 1756 1036 1831; x_wconf 90' lang='lat' dir='ltr'>maiores,</span> <span class='ocrx_word' id='word_1_93' title='bbox 1061 1758 1214 1832; x_wconf 91' lang='lat' dir='ltr'>populum</span> <span class='ocrx_word' id='word_1_94' title='bbox 1230 1759 1411 1834; x_wconf 88' lang='lat' dir='ltr'>admonuit,</span> 
     </span>
     <span class='ocr_line' id='line_1_14' title="bbox 188 1854 1414 1933; baseline 0.002 -21"><span class='ocrx_word' id='word_1_95' title='bbox 188 1855 265 1929; x_wconf 92' lang='lat' dir='ltr'>quid</span> <span class='ocrx_word' id='word_1_96' title='bbox 286 1855 407 1914; x_wconf 90' lang='lat' dir='ltr'>donum</span> <span class='ocrx_word' id='word_1_97' title='bbox 428 1855 608 1930; x_wconf 90' lang='lat' dir='ltr'>petentibus</span> <span class='ocrx_word' id='word_1_98' title='bbox 630 1855 893 1930; x_wconf 90' lang='lat' dir='ltr'>imperatoribus,</span> <span class='ocrx_word' id='word_1_99' title='bbox 918 1855 974 1928; x_wconf 93' lang='lat' dir='ltr'>qui</span> <span class='ocrx_word' id='word_1_100' title='bbox 994 1855 1126 1913; x_wconf 87' lang='lat' dir='ltr'>Eionem</span> <span class='ocrx_word' id='word_1_101' title='bbox 1147 1855 1188 1931; x_wconf 85' lang='lat' dir='ltr'>(a.</span> <span class='ocrx_word' id='word_1_102' title='bbox 1203 1854 1275 1931; x_wconf 83' lang='grc'>476)</span> <span class='ocrx_word' id='word_1_103' title='bbox 1295 1869 1414 1933; x_wconf 86' lang='lat' dir='ltr'>expug-</span> 
     </span>
     <span class='ocr_line' id='line_1_15' title="bbox 188 1947 1415 2033; baseline 0.003 -23"><span class='ocrx_word' id='word_1_104' title='bbox 188 1953 371 2027; x_wconf 89' lang='lat' dir='ltr'>navissent,</span> <span class='ocrx_word' id='word_1_105' title='bbox 407 1971 591 2012; x_wconf 89' lang='lat' dir='ltr'>concessum</span> <span class='ocrx_word' id='word_1_106' title='bbox 624 1955 727 2011; x_wconf 91' lang='lat' dir='ltr'>esset:</span> <span class='ocrx_word' id='word_1_107' title='bbox 760 1947 846 2011; x_wconf 77' lang='grc' dir='ltr'><em>οὗτοι</em></span> <span class='ocrx_word' id='word_1_108' title='bbox 879 1949 975 2029; x_wconf 75' lang='grc' dir='ltr'><em>δεῦρο</em></span> <span class='ocrx_word' id='word_1_109' title='bbox 1007 1950 1195 2030; x_wconf 79' lang='grc' dir='ltr'><em>ἀφικόμενοι</em></span> <span class='ocrx_word' id='word_1_110' title='bbox 1227 1950 1280 2012; x_wconf 78' lang='grc' dir='ltr'>τὸν</span> <span class='ocrx_word' id='word_1_111' title='bbox 1312 1951 1415 2033; x_wconf 79' lang='grc' dir='ltr'><strong><em>δῆμον</em></strong></span> 
     </span>
     <span class='ocr_line' id='line_1_16' title="bbox 186 2047 1412 2129; baseline 0.002 -21"><span class='ocrx_word' id='word_1_112' title='bbox 186 2049 306 2129; x_wconf 84' lang='grc' dir='ltr'><strong><em>ᾔτησαν</em></strong></span> <span class='ocrx_word' id='word_1_113' title='bbox 328 2048 466 2127; x_wconf 78' lang='grc' dir='ltr'>δωρεάν,</span> <span class='ocrx_word' id='word_1_114' title='bbox 488 2048 541 2110; x_wconf 84' lang='grc' dir='ltr'>καὶ</span> <span class='ocrx_word' id='word_1_115' title='bbox 563 2048 684 2110; x_wconf 75' lang='grc' dir='ltr'><strong><em>ἔδωκεν</em></strong></span> <span class='ocrx_word' id='word_1_116' title='bbox 706 2048 811 2116; x_wconf 79' lang='grc' dir='ltr'><em>αὐτοῖς</em></span> <span class='ocrx_word' id='word_1_117' title='bbox 832 2047 851 2108; x_wconf 89' lang='grc' dir='ltr'>ὁ</span> <span class='ocrx_word' id='word_1_118' title='bbox 873 2047 976 2127; x_wconf 75' lang='grc' dir='ltr'><em>δῆμος</em></span> <span class='ocrx_word' id='word_1_119' title='bbox 997 2047 1087 2127; x_wconf 80' lang='grc' dir='ltr'><strong><em>τιμὰς</em></strong></span> <span class='ocrx_word' id='word_1_120' title='bbox 1106 2048 1260 2128; x_wconf 82' lang='grc' dir='ltr'><em>μεγάλας,</em></span> <span class='ocrx_word' id='word_1_121' title='bbox 1282 2049 1329 2118; x_wconf 85' lang='grc' dir='ltr'>ὡς</span> <span class='ocrx_word' id='word_1_122' title='bbox 1349 2050 1412 2111; x_wconf 77' lang='grc' dir='ltr'>τότ’</span> 
     </span>
     <span class='ocr_line' id='line_1_17' title="bbox 188 2141 1414 2226; baseline 0.002 -19"><span class='ocrx_word' id='word_1_123' title='bbox 188 2145 306 2216; x_wconf 79' lang='grc' dir='ltr'><em>ε’ὃόκει,</em></span> <span class='ocrx_word' id='word_1_124' title='bbox 338 2151 417 2224; x_wconf 79' lang='grc' dir='ltr'><em>τρεῖς</em></span> <span class='ocrx_word' id='word_1_125' title='bbox 443 2145 583 2214; x_wconf 68' lang='grc' dir='ltr'><strong><em>λιθίνους</em></strong></span> <span class='ocrx_word' id='word_1_126' title='bbox 608 2141 727 2225; x_wconf 71' lang='grc' dir='ltr'><em>Ἑρμᾷζ</em></span> <span class='ocrx_word' id='word_1_127' title='bbox 755 2151 863 2226; x_wconf 78' lang='grc' dir='ltr'>στῆσαι</span> <span class='ocrx_word' id='word_1_128' title='bbox 892 2145 924 2206; x_wconf 85' lang='grc' dir='ltr'>ἕν</span> <span class='ocrx_word' id='word_1_129' title='bbox 953 2151 989 2224; x_wconf 78' lang='grc' dir='ltr'>τῇ</span> <span class='ocrx_word' id='word_1_130' title='bbox 1017 2153 1094 2225; x_wconf 84' lang='grc' dir='ltr'><em>στοᾷ</em></span> <span class='ocrx_word' id='word_1_131' title='bbox 1121 2152 1157 2226; x_wconf 82' lang='grc' dir='ltr'>τῇ</span> <span class='ocrx_word' id='word_1_132' title='bbox 1185 2151 1248 2207; x_wconf 87' lang='grc' dir='ltr'>τῶν</span> <span class='ocrx_word' id='word_1_133' title='bbox 1272 2145 1414 2226; x_wconf 81' lang='grc' dir='ltr'><em>Ἑρμῶν,</em></span> 
     </span>
     <span class='ocr_line' id='line_1_18' title="bbox 188 2241 1413 2326; baseline 0.002 -22"><span class='ocrx_word' id='word_1_134' title='bbox 188 2243 240 2323; x_wconf 78' lang='grc' dir='ltr'>ἐφ’</span> <span class='ocrx_word' id='word_1_135' title='bbox 269 2241 298 2323; x_wconf 82' lang='grc' dir='ltr'><em>ᾧ</em></span> <span class='ocrx_word' id='word_1_136' title='bbox 329 2266 359 2304; x_wconf 86' lang='grc' dir='ltr'>τε</span> <span class='ocrx_word' id='word_1_137' title='bbox 389 2243 433 2322; x_wconf 81' lang='grc' dir='ltr'>μὴ</span> <span class='ocrx_word' id='word_1_138' title='bbox 467 2243 711 2322; x_wconf 77' lang='grc' dir='ltr'>ἐπιγράφειν</span> <span class='ocrx_word' id='word_1_139' title='bbox 739 2242 781 2304; x_wconf 80' lang='grc' dir='ltr'>τὰ</span> <span class='ocrx_word' id='word_1_140' title='bbox 810 2242 991 2321; x_wconf 81' lang='grc' dir='ltr'><strong><em>ὀνόματα</em></strong></span> <span class='ocrx_word' id='word_1_141' title='bbox 1020 2243 1062 2303; x_wconf 82' lang='grc' dir='ltr'>τὰ</span> <span class='ocrx_word' id='word_1_142' title='bbox 1091 2245 1260 2315; x_wconf 80' lang='grc' dir='ltr'><em>ἑαυτῶν,</em></span> <span class='ocrx_word' id='word_1_143' title='bbox 1291 2245 1340 2306; x_wconf 81' lang='grc' dir='ltr'>ἵνα</span> <span class='ocrx_word' id='word_1_144' title='bbox 1368 2246 1413 2326; x_wconf 84' lang='grc' dir='ltr'>μὴ</span> 
     </span>
     <span class='ocr_line' id='line_1_19' title="bbox 188 2339 1411 2423; baseline 0.003 -23"><span class='ocrx_word' id='word_1_145' title='bbox 188 2346 264 2402; x_wconf 77' lang='grc' dir='ltr'>τῶν</span> <span class='ocrx_word' id='word_1_146' title='bbox 295 2345 530 2421; x_wconf 68' lang='grc' dir='ltr'>στρατηγῶν</span> <span class='ocrx_word' id='word_1_147' title='bbox 561 2340 638 2401; x_wconf 80' lang='grc' dir='ltr'><em>ἀλλὰ</em></span> <span class='ocrx_word' id='word_1_148' title='bbox 671 2346 738 2401; x_wconf 78' lang='grc' dir='ltr'>τοῦ</span> <span class='ocrx_word' id='word_1_149' title='bbox 771 2340 902 2420; x_wconf 79' lang='grc' dir='ltr'><em>δήμου</em></span> <span class='ocrx_word' id='word_1_150' title='bbox 935 2339 1016 2420; x_wconf 80' lang='grc' dir='ltr'><em>δοκῇ</em></span> <span class='ocrx_word' id='word_1_151' title='bbox 1048 2339 1123 2402; x_wconf 84' lang='grc' dir='ltr'><strong><em>εἶναι</em></strong></span> <span class='ocrx_word' id='word_1_152' title='bbox 1155 2340 1189 2402; x_wconf 82' lang='grc' dir='ltr'>τὸ</span> <span class='ocrx_word' id='word_1_153' title='bbox 1218 2342 1411 2423; x_wconf 71' lang='grc' dir='ltr'><em>ἐπίγραμμα.</em></span> 
     </span>
     <span class='ocr_line' id='line_1_20' title="bbox 187 2440 1415 2516; baseline 0.002 -17"><span class='ocrx_word' id='word_1_154' title='bbox 187 2442 301 2516; x_wconf 89' lang='lat' dir='ltr'>Itaque</span> <span class='ocrx_word' id='word_1_155' title='bbox 332 2442 359 2502; x_wconf 92' lang='lat' dir='ltr'>si</span> <span class='ocrx_word' id='word_1_156' title='bbox 390 2441 637 2516; x_wconf 88' lang='lat' dir='ltr'>imperatoribus</span> <span class='ocrx_word' id='word_1_157' title='bbox 669 2441 701 2499; x_wconf 93' lang='lat' dir='ltr'>in</span> <span class='ocrx_word' id='word_1_158' title='bbox 733 2440 939 2515; x_wconf 90' lang='lat' dir='ltr'>inscriptione</span> <span class='ocrx_word' id='word_1_159' title='bbox 970 2441 1113 2515; x_wconf 84' lang='lat' dir='ltr'>profiteri</span> <span class='ocrx_word' id='word_1_160' title='bbox 1143 2443 1283 2502; x_wconf 89' lang='lat' dir='ltr'>licuisset</span> <span class='ocrx_word' id='word_1_161' title='bbox 1315 2461 1349 2502; x_wconf 93' lang='lat' dir='ltr'>se</span> <span class='ocrx_word' id='word_1_162' title='bbox 1376 2477 1415 2485; x_wconf 94' lang='lat'>—</span> 
     </span>
     <span class='ocr_line' id='line_1_21' title="bbox 187 2539 1415 2614; baseline 0.002 -16"><span class='ocrx_word' id='word_1_163' title='bbox 187 2540 273 2613; x_wconf 93' lang='lat' dir='ltr'>quod</span> <span class='ocrx_word' id='word_1_164' title='bbox 306 2557 417 2598; x_wconf 90' lang='lat' dir='ltr'>verum</span> <span class='ocrx_word' id='word_1_165' title='bbox 449 2541 517 2597; x_wconf 90' lang='lat' dir='ltr'>erat</span> <span class='ocrx_word' id='word_1_166' title='bbox 548 2571 587 2579; x_wconf 94' lang='lat'>—</span> <span class='ocrx_word' id='word_1_167' title='bbox 618 2539 746 2597; x_wconf 89' lang='lat' dir='ltr'>hermas</span> <span class='ocrx_word' id='word_1_168' title='bbox 777 2539 940 2614; x_wconf 91' lang='lat' dir='ltr'>posuisse,</span> <span class='ocrx_word' id='word_1_169' title='bbox 974 2539 1071 2597; x_wconf 87' lang='lat' dir='ltr'>nimia</span> <span class='ocrx_word' id='word_1_170' title='bbox 1100 2540 1194 2598; x_wconf 90' lang='lat' dir='ltr'>laude</span> <span class='ocrx_word' id='word_1_171' title='bbox 1221 2541 1326 2601; x_wconf 83' lang='lat' dir='ltr'>affecti</span> <span class='ocrx_word' id='word_1_172' title='bbox 1355 2543 1415 2601; x_wconf 92' lang='lat' dir='ltr'>visi</span> 
     </span>
     <span class='ocr_line' id='line_1_22' title="bbox 186 2636 1416 2711; baseline 0.003 -16"><span class='ocrx_word' id='word_1_173' title='bbox 186 2640 307 2710; x_wconf 91' lang='lat' dir='ltr'>essent;</span> <span class='ocrx_word' id='word_1_174' title='bbox 331 2637 449 2711; x_wconf 91' lang='lat' dir='ltr'>quibus</span> <span class='ocrx_word' id='word_1_175' title='bbox 468 2637 665 2695; x_wconf 86' lang='lat' dir='ltr'>satisfactum</span> <span class='ocrx_word' id='word_1_176' title='bbox 686 2636 863 2711; x_wconf 86' lang='lat' dir='ltr'>videbatur,</span> <span class='ocrx_word' id='word_1_177' title='bbox 885 2637 912 2695; x_wconf 94' lang='lat' dir='ltr'>si</span> <span class='ocrx_word' id='word_1_178' title='bbox 927 2638 1065 2711; x_wconf 92' lang='lat' dir='ltr'>populus</span> <span class='ocrx_word' id='word_1_179' title='bbox 1081 2655 1134 2696; x_wconf 90' lang='lat' dir='ltr'>eos</span> <span class='ocrx_word' id='word_1_180' title='bbox 1150 2639 1279 2698; x_wconf 89' lang='lat' dir='ltr'>hermae</span> <span class='ocrx_word' id='word_1_181' title='bbox 1295 2641 1416 2700; x_wconf 90' lang='lat' dir='ltr'>honore</span> 
     </span>
     <span class='ocr_line' id='line_1_23' title="bbox 187 2735 1411 2813; baseline 0.005 -21"><span class='ocrx_word' id='word_1_182' title='bbox 187 2735 302 2810; x_wconf 85' lang='lat' dir='ltr'>dignos</span> <span class='ocrx_word' id='word_1_183' title='bbox 320 2735 479 2794; x_wconf 90' lang='lat' dir='ltr'>iudicasse</span> <span class='ocrx_word' id='word_1_184' title='bbox 495 2735 668 2809; x_wconf 89' lang='lat' dir='ltr'>diceretur,</span> <span class='ocrx_word' id='word_1_185' title='bbox 690 2738 725 2793; x_wconf 91' lang='lat' dir='ltr'>ut</span> <span class='ocrx_word' id='word_1_186' title='bbox 742 2737 790 2794; x_wconf 91' lang='lat' dir='ltr'>est</span> <span class='ocrx_word' id='word_1_187' title='bbox 808 2736 841 2794; x_wconf 94' lang='lat' dir='ltr'>in</span> <span class='ocrx_word' id='word_1_188' title='bbox 860 2737 972 2810; x_wconf 90' lang='lat' dir='ltr'>altero,</span> <span class='ocrx_word' id='word_1_189' title='bbox 994 2737 1080 2810; x_wconf 93' lang='lat' dir='ltr'>quod</span> <span class='ocrx_word' id='word_1_190' title='bbox 1098 2737 1269 2797; x_wconf 90' lang='lat' dir='ltr'>Aeschines</span> <span class='ocrx_word' id='word_1_191' title='bbox 1287 2738 1411 2813; x_wconf 90' lang='lat' dir='ltr'>laudat,</span> 
     </span>
     <span class='ocr_line' id='line_1_24' title="bbox 186 2830 1413 2914; baseline 0.003 -22"><span class='ocrx_word' id='word_1_192' title='bbox 186 2834 415 2908; x_wconf 85' lang='lat' dir='ltr'>epigrammate</span> <span class='ocrx_word' id='word_1_193' title='bbox 448 2832 553 2909; x_wconf 90' lang='lat' dir='ltr'>(Preg.</span> <span class='ocrx_word' id='word_1_194' title='bbox 590 2831 677 2908; x_wconf 86' lang='lat'><strong>153):</strong></span> <span class='ocrx_word' id='word_1_195' title='bbox 721 2830 906 2910; x_wconf 74' lang='lat' dir='ltr'>r‘ycpdveoot</span> <span class='ocrx_word' id='word_1_196' title='bbox 939 2831 972 2892; x_wconf 79' lang='grc' dir='ltr'>δὲ</span> <span class='ocrx_word' id='word_1_197' title='bbox 1003 2832 1122 2910; x_wconf 75' lang='grc' dir='ltr'><strong><em>μισθὸν</em></strong></span> <span class='ocrx_word' id='word_1_198' title='bbox 1149 2832 1311 2914; x_wconf 67' lang='grc' dir='ltr'><strong><em>Ἀθηναῖοι</em></strong></span> <span class='ocrx_word' id='word_1_199' title='bbox 1342 2835 1413 2896; x_wconf 77' lang='grc' dir='ltr'>τάδ’</span> 
     </span>
     <span class='ocr_line' id='line_1_25' title="bbox 188 2927 1415 3010; baseline 0.005 -23"><span class='ocrx_word' id='word_1_200' title='bbox 188 2927 314 2989; x_wconf 77' lang='grc' dir='ltr'><strong><em>ἔδωκαν</em></strong></span> <span class='ocrx_word' id='word_1_201' title='bbox 333 2929 336 3006; x_wconf 91' lang='grc'>)</span> <span class='ocrx_word' id='word_1_202' title='bbox 356 2928 423 2988; x_wconf 82' lang='grc' dir='ltr'>ἀντ’</span> <span class='ocrx_word' id='word_1_203' title='bbox 442 2928 618 3008; x_wconf 80' lang='grc' dir='ltr'><em>εὐεργεσίης</em></span> <span class='ocrx_word' id='word_1_204' title='bbox 639 2929 692 2989; x_wconf 82' lang='lat' dir='ltr'>noi</span> <span class='ocrx_word' id='word_1_205' title='bbox 712 2929 852 3010; x_wconf 80' lang='grc' dir='ltr'><em>μεγάλης</em></span> <span class='ocrx_word' id='word_1_206' title='bbox 873 2930 984 3010; x_wconf 75' lang='grc' dir='ltr'><em>ἀρετῆς</em></span> <span class='ocrx_word' id='word_1_207' title='bbox 1005 2930 1068 2991; x_wconf 78' lang='grc' dir='ltr'>κτλ.</span> <span class='ocrx_word' id='word_1_208' title='bbox 1102 2934 1141 2991; x_wconf 90' lang='lat' dir='ltr'>In</span> <span class='ocrx_word' id='word_1_209' title='bbox 1163 2935 1296 3008; x_wconf 85' lang='lat' dir='ltr'>antiqua</span> <span class='ocrx_word' id='word_1_210' title='bbox 1317 2935 1415 3010; x_wconf 88' lang='lat' dir='ltr'>igitur</span> 
     </span>
     <span class='ocr_line' id='line_1_26' title="bbox 188 3028 1415 3107; baseline 0.004 -23"><span class='ocrx_word' id='word_1_211' title='bbox 188 3028 372 3102; x_wconf 86' lang='lat' dir='ltr'>traditione,</span> <span class='ocrx_word' id='word_1_212' title='bbox 403 3045 501 3102; x_wconf 89' lang='lat' dir='ltr'>quam</span> <span class='ocrx_word' id='word_1_213' title='bbox 530 3047 586 3103; x_wconf 91' lang='lat' dir='ltr'>per</span> <span class='ocrx_word' id='word_1_214' title='bbox 614 3030 779 3103; x_wconf 86' lang='lat' dir='ltr'>Ephorum</span> <span class='ocrx_word' id='word_1_215' title='bbox 801 3030 857 3106; x_wconf 72' lang='lat'>47),</span> <span class='ocrx_word' id='word_1_216' title='bbox 888 3032 1010 3106; x_wconf 88' lang='lat' dir='ltr'>opinor,</span> <span class='ocrx_word' id='word_1_217' title='bbox 1043 3035 1252 3107; x_wconf 85' lang='lat' dir='ltr'>propagatam</span> <span class='ocrx_word' id='word_1_218' title='bbox 1274 3034 1415 3091; x_wconf 85' lang='lat' dir='ltr'>servavit</span> 
     </span>
    </p>
   </div>
   <div class='ocr_carea' id='block_1_3' title="bbox 187 3275 1421 4694">
    <p class='ocr_par' dir='ltr' id='par_1_4' title="bbox 187 3275 1419 4275">
     <span class='ocr_line' id='line_1_27' title="bbox 218 3275 1414 3346; baseline 0.007 -22"><span class='ocrx_word' id='word_1_219' title='bbox 218 3275 254 3338; x_wconf 76' lang='lat'>4⁶)</span> <span class='ocrx_word' id='word_1_220' title='bbox 290 3277 468 3326; x_wconf 81' lang='lat' dir='ltr'>Reitzenstein</span> <span class='ocrx_word' id='word_1_221' title='bbox 488 3293 510 3340; x_wconf 92' lang='lat' dir='ltr'>p.</span> <span class='ocrx_word' id='word_1_222' title='bbox 529 3276 649 3327; x_wconf 74' lang='lat' dir='ltr'>itiitere</span> <span class='ocrx_word' id='word_1_223' title='bbox 668 3280 779 3328; x_wconf 85' lang='lat' dir='ltr'>eandem</span> <span class='ocrx_word' id='word_1_224' title='bbox 798 3280 851 3328; x_wconf 84' lang='lat' dir='ltr'>iarn</span> <span class='ocrx_word' id='word_1_225' title='bbox 871 3281 981 3343; x_wconf 88' lang='lat' dir='ltr'>protulit</span> <span class='ocrx_word' id='word_1_226' title='bbox 998 3282 1161 3345; x_wconf 87' lang='lat' dir='ltr'>opinionem,</span> <span class='ocrx_word' id='word_1_227' title='bbox 1180 3284 1223 3331; x_wconf 87' lang='lat' dir='ltr'>sed</span> <span class='ocrx_word' id='word_1_228' title='bbox 1243 3283 1316 3332; x_wconf 88' lang='lat' dir='ltr'>nullo</span> <span class='ocrx_word' id='word_1_229' title='bbox 1334 3299 1414 3346; x_wconf 86' lang='lat' dir='ltr'>argu-</span> 
     </span>
     <span class='ocr_line' id='line_1_28' title="bbox 189 3359 1414 3433; baseline 0.007 -23"><span class='ocrx_word' id='word_1_230' title='bbox 189 3369 276 3411; x_wconf 89' lang='lat' dir='ltr'>mento</span> <span class='ocrx_word' id='word_1_231' title='bbox 294 3362 504 3425; x_wconf 84' lang='lat' dir='ltr'>comprobatam:</span> <span class='ocrx_word' id='word_1_232' title='bbox 523 3359 609 3411; x_wconf 88' lang='lat' dir='ltr'>‘wcnu</span> <span class='ocrx_word' id='word_1_233' title='bbox 628 3364 742 3412; x_wconf 91' lang='lat' dir='ltr'>Herodot</span> <span class='ocrx_word' id='word_1_234' title='bbox 762 3366 814 3412; x_wconf 92' lang='lat' dir='ltr'>und</span> <span class='ocrx_word' id='word_1_235' title='bbox 833 3365 1005 3429; x_wconf 78' lang='lat' dir='ltr'>&#39;lluilrydides</span> <span class='ocrx_word' id='word_1_236' title='bbox 1023 3382 1091 3415; x_wconf 84' lang='lat' dir='ltr'>zwar</span> <span class='ocrx_word' id='word_1_237' title='bbox 1108 3368 1274 3430; x_wconf 77' lang='lat' dir='ltr'>Epigramma</span> <span class='ocrx_word' id='word_1_238' title='bbox 1292 3370 1414 3433; x_wconf 88' lang='lat' dir='ltr'>citieren,</span> 
     </span>
     <span class='ocr_line' id='line_1_29' title="bbox 187 3446 1415 3512; baseline 0.007 -19"><span class='ocrx_word' id='word_1_239' title='bbox 187 3446 267 3494; x_wconf 85' lang='lat' dir='ltr'>deren</span> <span class='ocrx_word' id='word_1_240' title='bbox 293 3446 428 3495; x_wconf 82' lang='lat' dir='ltr'>Veriasser</span> <span class='ocrx_word' id='word_1_241' title='bbox 450 3448 512 3496; x_wconf 85' lang='lat' dir='ltr'>aber</span> <span class='ocrx_word' id='word_1_242' title='bbox 535 3446 610 3495; x_wconf 90' lang='lat' dir='ltr'>nicht</span> <span class='ocrx_word' id='word_1_243' title='bbox 634 3462 753 3510; x_wconf 88' lang='lat' dir='ltr'>neuneu,</span> <span class='ocrx_word' id='word_1_244' title='bbox 777 3464 805 3497; x_wconf 83' lang='lat' dir='ltr'>so</span> <span class='ocrx_word' id='word_1_245' title='bbox 831 3449 936 3498; x_wconf 80' lang='lat' dir='ltr'>beroeist</span> <span class='ocrx_word' id='word_1_246' title='bbox 959 3453 1016 3500; x_wconf 85' lang='lat' dir='ltr'>dies</span> <span class='ocrx_word' id='word_1_247' title='bbox 1041 3453 1108 3512; x_wconf 72' lang='lat' dir='ltr'>lilar,</span> <span class='ocrx_word' id='word_1_248' title='bbox 1132 3452 1192 3501; x_wconf 82' lang='lat' dir='ltr'>dass</span> <span class='ocrx_word' id='word_1_249' title='bbox 1217 3454 1273 3502; x_wconf 84' lang='lat' dir='ltr'>ihre</span> <span class='ocrx_word' id='word_1_250' title='bbox 1298 3453 1352 3502; x_wconf 88' lang='lat' dir='ltr'>Zeit</span> <span class='ocrx_word' id='word_1_251' title='bbox 1370 3454 1415 3502; x_wconf 87' lang='lat' dir='ltr'>das</span> 
     </span>
     <span class='ocr_line' id='line_1_30' title="bbox 187 3530 1413 3597; baseline 0.008 -20"><span class='ocrx_word' id='word_1_252' title='bbox 187 3530 337 3594; x_wconf 80' lang='lat' dir='ltr'>Epigramm</span> <span class='ocrx_word' id='word_1_253' title='bbox 364 3546 422 3578; x_wconf 88' lang='lat' dir='ltr'>nur</span> <span class='ocrx_word' id='word_1_254' title='bbox 447 3532 497 3578; x_wconf 86' lang='lat' dir='ltr'>als</span> <span class='ocrx_word' id='word_1_255' title='bbox 522 3531 806 3582; x_wconf 85' lang='lat' dir='ltr'>inschristliches</span> <span class='ocrx_word' id='word_1_256' title='bbox 831 3534 989 3597; x_wconf 71' lang='lat' dir='ltr'>ZeugniS,</span> <span class='ocrx_word' id='word_1_257' title='bbox 1018 3537 1117 3585; x_wconf 91' lang='lat' dir='ltr'>nicht</span> <span class='ocrx_word' id='word_1_258' title='bbox 1144 3539 1193 3586; x_wconf 86' lang='lat' dir='ltr'>als</span> <span class='ocrx_word' id='word_1_259' title='bbox 1218 3539 1413 3587; x_wconf 80' lang='lat' dir='ltr'>bichtwert</span> 
     </span>
     <span class='ocr_line' id='line_1_31' title="bbox 188 3613 1415 3682; baseline 0.006 -19"><span class='ocrx_word' id='word_1_260' title='bbox 188 3613 425 3663; x_wconf 63' lang='lat' dir='ltr'>betrachtete‘,</span> <span class='ocrx_word' id='word_1_261' title='bbox 449 3613 522 3662; x_wconf 91' lang='lat' dir='ltr'>Nihil</span> <span class='ocrx_word' id='word_1_262' title='bbox 547 3619 637 3664; x_wconf 87' lang='lat' dir='ltr'>autem</span> <span class='ocrx_word' id='word_1_263' title='bbox 662 3616 693 3664; x_wconf 93' lang='lat' dir='ltr'>de</span> <span class='ocrx_word' id='word_1_264' title='bbox 717 3617 841 3666; x_wconf 88' lang='lat' dir='ltr'>Herodoti</span> <span class='ocrx_word' id='word_1_265' title='bbox 860 3618 900 3665; x_wconf 91' lang='lat' dir='ltr'>vel</span> <span class='ocrx_word' id='word_1_266' title='bbox 918 3619 1079 3682; x_wconf 87' lang='lat' dir='ltr'>Thucydidis</span> <span class='ocrx_word' id='word_1_267' title='bbox 1097 3626 1184 3669; x_wconf 79' lang='lat' dir='ltr'>aetate</span> <span class='ocrx_word' id='word_1_268' title='bbox 1203 3622 1415 3682; x_wconf 85' lang='lat' dir='ltr'>demonstratur,</span> 
     </span>
     <span class='ocr_line' id='line_1_32' title="bbox 188 3699 1415 3764; baseline 0.007 -18"><span class='ocrx_word' id='word_1_269' title='bbox 188 3699 230 3747; x_wconf 90' lang='lat' dir='ltr'>sed</span> <span class='ocrx_word' id='word_1_270' title='bbox 257 3699 289 3748; x_wconf 90' lang='lat' dir='ltr'>de</span> <span class='ocrx_word' id='word_1_271' title='bbox 316 3704 449 3760; x_wconf 86' lang='lat' dir='ltr'>ternpore,</span> <span class='ocrx_word' id='word_1_272' title='bbox 475 3713 527 3760; x_wconf 90' lang='lat' dir='ltr'>quo</span> <span class='ocrx_word' id='word_1_273' title='bbox 554 3699 750 3761; x_wconf 84' lang='lat' dir='ltr'>inscriptionee,</span> <span class='ocrx_word' id='word_1_274' title='bbox 778 3702 809 3750; x_wconf 94' lang='lat' dir='ltr'>de</span> <span class='ocrx_word' id='word_1_275' title='bbox 836 3702 934 3764; x_wconf 89' lang='lat' dir='ltr'>quibus</span> <span class='ocrx_word' id='word_1_276' title='bbox 961 3704 1116 3753; x_wconf 82' lang='lat' dir='ltr'>traditiones</span> <span class='ocrx_word' id='word_1_277' title='bbox 1143 3706 1278 3754; x_wconf 84' lang='lat' dir='ltr'>fluxerunt</span> <span class='ocrx_word' id='word_1_278' title='bbox 1303 3706 1330 3754; x_wconf 93' lang='lat' dir='ltr'>in</span> <span class='ocrx_word' id='word_1_279' title='bbox 1356 3707 1415 3755; x_wconf 90' lang='lat' dir='ltr'>illos</span> 
     </span>
     <span class='ocr_line' id='line_1_33' title="bbox 188 3782 1414 3851; baseline 0.005 -19"><span class='ocrx_word' id='word_1_280' title='bbox 188 3782 459 3846; x_wconf 66' lang='lat' dir='ltr'>scriptores,⁴incisae</span> <span class='ocrx_word' id='word_1_281' title='bbox 482 3787 553 3831; x_wconf 83' lang='lat' dir='ltr'>sunt.</span> <span class='ocrx_word' id='word_1_282' title='bbox 581 3783 720 3833; x_wconf 88' lang='lat' dir='ltr'>Praeterea</span> <span class='ocrx_word' id='word_1_283' title='bbox 744 3785 865 3834; x_wconf 90' lang='lat' dir='ltr'>Herodoti</span> <span class='ocrx_word' id='word_1_284' title='bbox 883 3787 969 3849; x_wconf 88' lang='lat' dir='ltr'>locus,</span> <span class='ocrx_word' id='word_1_285' title='bbox 994 3790 1126 3851; x_wconf 89' lang='lat' dir='ltr'>quomodo</span> <span class='ocrx_word' id='word_1_286' title='bbox 1143 3790 1314 3851; x_wconf 80' lang='lat' dir='ltr'>explicandus</span> <span class='ocrx_word' id='word_1_287' title='bbox 1332 3795 1414 3850; x_wconf 85' lang='lat' dir='ltr'>esset,</span> 
     </span>
     <span class='ocr_line' id='line_1_34' title="bbox 187 3867 1414 3935; baseline 0.006 -21"><span class='ocrx_word' id='word_1_288' title='bbox 187 3867 214 3915; x_wconf 91' lang='lat' dir='ltr'>in</span> <span class='ocrx_word' id='word_1_289' title='bbox 237 3867 323 3930; x_wconf 80' lang='lat' dir='ltr'>medio</span> <span class='ocrx_word' id='word_1_290' title='bbox 347 3867 402 3930; x_wconf 91' lang='lat' dir='ltr'>ipse</span> <span class='ocrx_word' id='word_1_291' title='bbox 426 3867 632 3930; x_wconf 90' lang='lat' dir='ltr'>relinquendum</span> <span class='ocrx_word' id='word_1_292' title='bbox 651 3869 727 3917; x_wconf 85' lang='lat' dir='ltr'>duxit</span> <span class='ocrx_word' id='word_1_293' title='bbox 746 3884 768 3931; x_wconf 91' lang='lat' dir='ltr'>p.</span> <span class='ocrx_word' id='word_1_294' title='bbox 786 3869 842 3919; x_wconf 74' lang='lat' dir='ltr'>ll‘l.</span> <span class='ocrx_word' id='word_1_295' title='bbox 861 3886 886 3920; x_wconf 93' lang='lat' dir='ltr'>n.</span> <span class='ocrx_word' id='word_1_296' title='bbox 905 3870 934 3934; x_wconf 90' lang='lat' dir='ltr'>l,</span> <span class='ocrx_word' id='word_1_297' title='bbox 959 3886 1046 3934; x_wconf 87' lang='lat' dir='ltr'>neque</span> <span class='ocrx_word' id='word_1_298' title='bbox 1064 3872 1186 3934; x_wconf 82' lang='lat' dir='ltr'>expedire</span> <span class='ocrx_word' id='word_1_299' title='bbox 1204 3879 1414 3935; x_wconf 87' lang='lat' dir='ltr'>aggressusest,</span> 
     </span>
     <span class='ocr_line' id='line_1_35' title="bbox 188 3950 1415 4019; baseline 0.003 -19"><span class='ocrx_word' id='word_1_300' title='bbox 188 3953 232 4014; x_wconf 91' lang='lat' dir='ltr'>qui</span> <span class='ocrx_word' id='word_1_301' title='bbox 256 3952 405 4000; x_wconf 88' lang='lat' dir='ltr'>Herodotus</span> <span class='ocrx_word' id='word_1_302' title='bbox 428 3950 570 4002; x_wconf 90' lang='lat' dir='ltr'>Simonidis</span> <span class='ocrx_word' id='word_1_303' title='bbox 593 3954 679 4002; x_wconf 83' lang='lat' dir='ltr'>facere</span> <span class='ocrx_word' id='word_1_304' title='bbox 704 3956 865 4003; x_wconf 90' lang='lat' dir='ltr'>mentionem</span> <span class='ocrx_word' id='word_1_305' title='bbox 890 3957 1020 4019; x_wconf 90' lang='lat' dir='ltr'>potuerit,</span> <span class='ocrx_word' id='word_1_306' title='bbox 1045 3958 1065 4004; x_wconf 90' lang='lat' dir='ltr'>si</span> <span class='ocrx_word' id='word_1_307' title='bbox 1090 3962 1265 4006; x_wconf 83' lang='lat' dir='ltr'>aiictorem</span> <span class='ocrx_word' id='word_1_308' title='bbox 1284 3958 1415 4018; x_wconf 86' lang='lat' dir='ltr'>epigram-</span> 
     </span>
     <span class='ocr_line' id='line_1_36' title="bbox 189 4037 1415 4104; baseline 0.004 -20"><span class='ocrx_word' id='word_1_309' title='bbox 189 4037 265 4085; x_wconf 84' lang='lat' dir='ltr'>matis</span> <span class='ocrx_word' id='word_1_310' title='bbox 288 4051 340 4085; x_wconf 93' lang='lat' dir='ltr'>non</span> <span class='ocrx_word' id='word_1_311' title='bbox 364 4037 522 4098; x_wconf 87' lang='lat' dir='ltr'>respexisset</span> <span class='ocrx_word' id='word_1_312' title='bbox 558 4037 602 4086; x_wconf 86' lang='lat' dir='ltr'>Vir</span> <span class='ocrx_word' id='word_1_313' title='bbox 623 4040 668 4100; x_wconf 82' lang='lat' dir='ltr'>cl,</span> <span class='ocrx_word' id='word_1_314' title='bbox 692 4040 713 4086; x_wconf 85' lang='lat' dir='ltr'>si</span> <span class='ocrx_word' id='word_1_315' title='bbox 737 4054 828 4088; x_wconf 85' lang='lat' dir='ltr'>revera</span> <span class='ocrx_word' id='word_1_316' title='bbox 852 4043 1018 4104; x_wconf 80' lang='lat' dir='ltr'>argumentis</span> <span class='ocrx_word' id='word_1_317' title='bbox 1037 4043 1186 4104; x_wconf 82' lang='lat' dir='ltr'>probasset,</span> <span class='ocrx_word' id='word_1_318' title='bbox 1209 4055 1279 4104; x_wconf 83' lang='lat' dir='ltr'>quae</span> <span class='ocrx_word' id='word_1_319' title='bbox 1296 4055 1368 4089; x_wconf 89' lang='lat' dir='ltr'>nune</span> <span class='ocrx_word' id='word_1_320' title='bbox 1392 4066 1415 4074; x_wconf 86' lang='lat'>-</span> 
     </span>
     <span class='ocr_line' id='line_1_37' title="bbox 188 4121 1419 4188; baseline 0.004 -19"><span class='ocrx_word' id='word_1_321' title='bbox 188 4121 328 4170; x_wconf 83' lang='lat' dir='ltr'>maximam</span> <span class='ocrx_word' id='word_1_322' title='bbox 349 4125 450 4183; x_wconf 84' lang='lat' dir='ltr'>partem</span> <span class='ocrx_word' id='word_1_323' title='bbox 469 4135 532 4171; x_wconf 84' lang='lat' dir='ltr'>sane</span> <span class='ocrx_word' id='word_1_324' title='bbox 551 4127 621 4171; x_wconf 90' lang='lat' dir='ltr'>recte</span> <span class='ocrx_word' id='word_1_325' title='bbox 638 4149 671 4154; x_wconf 98' lang='lat'>—</span> <span class='ocrx_word' id='word_1_326' title='bbox 689 4124 813 4185; x_wconf 90' lang='lat' dir='ltr'>coniecit,</span> <span class='ocrx_word' id='word_1_327' title='bbox 831 4126 1038 4177; x_wconf 82' lang='lat' dir='ltr'>fundamentum</span> <span class='ocrx_word' id='word_1_328' title='bbox 1058 4133 1129 4177; x_wconf 84' lang='lat' dir='ltr'>esset</span> <span class='ocrx_word' id='word_1_329' title='bbox 1146 4127 1271 4188; x_wconf 87' lang='lat' dir='ltr'>adeptus,</span> <span class='ocrx_word' id='word_1_330' title='bbox 1289 4125 1359 4188; x_wconf 88' lang='lat' dir='ltr'>quod</span> <span class='ocrx_word' id='word_1_331' title='bbox 1373 4126 1419 4188; x_wconf 87' lang='lat' dir='ltr'>iis,</span> 
     </span>
     <span class='ocr_line' id='line_1_38' title="bbox 187 4205 1001 4275; baseline 0.011 -23"><span class='ocrx_word' id='word_1_332' title='bbox 187 4219 254 4267; x_wconf 87' lang='lat' dir='ltr'>quae</span> <span class='ocrx_word' id='word_1_333' title='bbox 272 4205 304 4253; x_wconf 93' lang='lat' dir='ltr'>de</span> <span class='ocrx_word' id='word_1_334' title='bbox 322 4205 457 4254; x_wconf 87' lang='lat' dir='ltr'>Simonide</span> <span class='ocrx_word' id='word_1_335' title='bbox 475 4206 628 4270; x_wconf 86' lang='lat' dir='ltr'>dissereret,</span> <span class='ocrx_word' id='word_1_336' title='bbox 647 4207 838 4258; x_wconf 81' lang='lat' dir='ltr'>substrirxisset</span> <span class='ocrx_word' id='word_1_337' title='bbox 855 4209 899 4270; x_wconf 84' lang='lat' dir='ltr'>(cf.</span> <span class='ocrx_word' id='word_1_338' title='bbox 918 4208 930 4271; x_wconf 71' lang='grc' dir='ltr'><strong>ἓ</strong></span> <span class='ocrx_word' id='word_1_339' title='bbox 949 4212 1001 4275; x_wconf 70' lang='grc'>93),</span> 
     </span>
    </p>

    <p class='ocr_par' dir='ltr' id='par_1_5' title="bbox 187 4287 1421 4694">
     <span class='ocr_line' id='line_1_39' title="bbox 218 4287 1419 4360; baseline 0.005 -22"><span class='ocrx_word' id='word_1_340' title='bbox 218 4287 252 4351; x_wconf 79' lang='grc'>47)</span> <span class='ocrx_word' id='word_1_341' title='bbox 288 4289 393 4352; x_wconf 87' lang='lat' dir='ltr'>Ephoro</span> <span class='ocrx_word' id='word_1_342' title='bbox 417 4305 495 4338; x_wconf 92' lang='lat' dir='ltr'>usum</span> <span class='ocrx_word' id='word_1_343' title='bbox 518 4306 575 4340; x_wconf 89' lang='lat' dir='ltr'>esse</span> <span class='ocrx_word' id='word_1_344' title='bbox 596 4292 753 4340; x_wconf 83' lang='lat' dir='ltr'>Aeschinem</span> <span class='ocrx_word' id='word_1_345' title='bbox 771 4308 802 4342; x_wconf 87' lang='lat' dir='ltr'>ex</span> <span class='ocrx_word' id='word_1_346' title='bbox 821 4309 851 4342; x_wconf 92' lang='lat' dir='ltr'>eo</span> <span class='ocrx_word' id='word_1_347' title='bbox 869 4294 967 4357; x_wconf 84' lang='lat' dir='ltr'>efficio,</span> <span class='ocrx_word' id='word_1_348' title='bbox 992 4298 1063 4360; x_wconf 91' lang='lat' dir='ltr'>quod</span> <span class='ocrx_word' id='word_1_349' title='bbox 1082 4311 1140 4360; x_wconf 86' lang='lat' dir='ltr'>epp.</span> <span class='ocrx_word' id='word_1_350' title='bbox 1159 4296 1272 4344; x_wconf 87' lang='lat' dir='ltr'>redeunt</span> <span class='ocrx_word' id='word_1_351' title='bbox 1290 4309 1330 4357; x_wconf 89' lang='lat' dir='ltr'>ap.</span> <span class='ocrx_word' id='word_1_352' title='bbox 1349 4295 1419 4344; x_wconf 87' lang='lat' dir='ltr'>Plut.</span> 
     </span>
     <span class='ocr_line' id='line_1_40' title="bbox 188 4371 1419 4441; baseline 0.005 -20"><span class='ocrx_word' id='word_1_353' title='bbox 188 4371 251 4422; x_wconf 87' lang='lat' dir='ltr'>Gim.</span> <span class='ocrx_word' id='word_1_354' title='bbox 269 4373 299 4436; x_wconf 87' lang='lat'>7;</span> <span class='ocrx_word' id='word_1_355' title='bbox 323 4375 370 4437; x_wconf 87' lang='lat' dir='ltr'>qui</span> <span class='ocrx_word' id='word_1_356' title='bbox 394 4389 436 4423; x_wconf 93' lang='lat' dir='ltr'>res</span> <span class='ocrx_word' id='word_1_357' title='bbox 458 4376 526 4437; x_wconf 88' lang='lat' dir='ltr'>apud</span> <span class='ocrx_word' id='word_1_358' title='bbox 554 4376 659 4425; x_wconf 91' lang='lat' dir='ltr'>Eionem</span> <span class='ocrx_word' id='word_1_359' title='bbox 684 4383 772 4440; x_wconf 86' lang='lat' dir='ltr'>gestas</span> <span class='ocrx_word' id='word_1_360' title='bbox 794 4378 897 4439; x_wconf 89' lang='lat' dir='ltr'>Ephoro</span> <span class='ocrx_word' id='word_1_361' title='bbox 915 4377 1020 4440; x_wconf 85' lang='lat' dir='ltr'>(Bosolt</span> <span class='ocrx_word' id='word_1_362' title='bbox 1039 4380 1095 4431; x_wconf 88' lang='lat' dir='ltr'>lll².</span> <span class='ocrx_word' id='word_1_363' title='bbox 1115 4378 1160 4429; x_wconf 89' lang='grc'>101</span> <span class='ocrx_word' id='word_1_364' title='bbox 1182 4397 1206 4429; x_wconf 82' lang='grc' dir='ltr'>ιι.</span> <span class='ocrx_word' id='word_1_365' title='bbox 1224 4379 1252 4441; x_wconf 93' lang='grc'>1)</span> <span class='ocrx_word' id='word_1_366' title='bbox 1269 4380 1348 4428; x_wconf 89' lang='lat' dir='ltr'>debet</span> <span class='ocrx_word' id='word_1_367' title='bbox 1365 4381 1419 4428; x_wconf 84' lang='lat' dir='ltr'>sive</span> 
     </span>
     <span class='ocr_line' id='line_1_41' title="bbox 187 4457 1421 4525; baseline 0.005 -19"><span class='ocrx_word' id='word_1_368' title='bbox 187 4457 354 4523; x_wconf 62' lang='lat' dir='ltr'>Theopompo</span> <span class='ocrx_word' id='word_1_369' title='bbox 374 4457 430 4520; x_wconf 79' lang='lat'>(11¹.</span> <span class='ocrx_word' id='word_1_370' title='bbox 453 4457 503 4508; x_wconf 72' lang='lat'>362</span> <span class='ocrx_word' id='word_1_371' title='bbox 527 4476 552 4510; x_wconf 91' lang='lat' dir='ltr'>n.</span> <span class='ocrx_word' id='word_1_372' title='bbox 569 4459 597 4518; x_wconf 87' lang='grc'>1)</span> <span class='ocrx_word' id='word_1_373' title='bbox 621 4460 652 4508; x_wconf 87' lang='lat' dir='ltr'>ad</span> <span class='ocrx_word' id='word_1_374' title='bbox 678 4461 811 4524; x_wconf 89' lang='lat' dir='ltr'>Ephorum</span> <span class='ocrx_word' id='word_1_375' title='bbox 829 4463 922 4525; x_wconf 86' lang='lat' dir='ltr'>opinor</span> <span class='ocrx_word' id='word_1_376' title='bbox 940 4467 1096 4516; x_wconf 81' lang='lat' dir='ltr'>recurrenti.</span> <span class='ocrx_word' id='word_1_377' title='bbox 1124 4464 1222 4514; x_wconf 85' lang='lat' dir='ltr'>Eadem</span> <span class='ocrx_word' id='word_1_378' title='bbox 1242 4471 1299 4513; x_wconf 92' lang='lat' dir='ltr'>tum</span> <span class='ocrx_word' id='word_1_379' title='bbox 1317 4464 1421 4512; x_wconf 91' lang='lat' dir='ltr'>obtinet</span> 
     </span>
     <span class='ocr_line' id='line_1_42' title="bbox 188 4543 1421 4613; baseline 0.006 -24"><span class='ocrx_word' id='word_1_380' title='bbox 188 4557 274 4593; x_wconf 90' lang='lat' dir='ltr'>rerum</span> <span class='ocrx_word' id='word_1_381' title='bbox 293 4543 411 4593; x_wconf 90' lang='lat' dir='ltr'>condicio</span> <span class='ocrx_word' id='word_1_382' title='bbox 429 4548 509 4606; x_wconf 86' lang='lat' dir='ltr'>atque</span> <span class='ocrx_word' id='word_1_383' title='bbox 526 4545 553 4593; x_wconf 90' lang='lat' dir='ltr'>in</span> <span class='ocrx_word' id='word_1_384' title='bbox 571 4546 762 4608; x_wconf 83' lang='lat' dir='ltr'>epigrammate</span> <span class='ocrx_word' id='word_1_385' title='bbox 781 4547 947 4597; x_wconf 88' lang='lat' dir='ltr'>Corinthiaco</span> <span class='ocrx_word' id='word_1_386' title='bbox 965 4551 1012 4600; x_wconf 76' lang='lat'>137</span> <span class='ocrx_word' id='word_1_387' title='bbox 1032 4550 1072 4610; x_wconf 80' lang='lat' dir='ltr'>(in</span> <span class='ocrx_word' id='word_1_388' title='bbox 1087 4550 1191 4613; x_wconf 88' lang='lat' dir='ltr'>Ephoro</span> <span class='ocrx_word' id='word_1_389' title='bbox 1206 4565 1245 4612; x_wconf 92' lang='lat' dir='ltr'>ep.</span> <span class='ocrx_word' id='word_1_390' title='bbox 1258 4550 1324 4612; x_wconf 90' lang='lat' dir='ltr'>legit</span> <span class='ocrx_word' id='word_1_391' title='bbox 1337 4549 1421 4610; x_wconf 83' lang='lat' dir='ltr'>Plut,</span> 
     </span>
     <span class='ocr_line' id='line_1_43' title="bbox 187 4627 1419 4694; baseline 0.007 -19"><span class='ocrx_word' id='word_1_392' title='bbox 187 4627 346 4692; x_wconf 81' lang='lat' dir='ltr'>Theopompi</span> <span class='ocrx_word' id='word_1_393' title='bbox 372 4641 404 4676; x_wconf 86' lang='lat' dir='ltr'>ex</span> <span class='ocrx_word' id='word_1_394' title='bbox 428 4628 531 4690; x_wconf 88' lang='lat' dir='ltr'>Ephoro</span> <span class='ocrx_word' id='word_1_395' title='bbox 555 4630 651 4680; x_wconf 86' lang='lat' dir='ltr'>hausta</span> <span class='ocrx_word' id='word_1_396' title='bbox 675 4633 802 4680; x_wconf 88' lang='lat' dir='ltr'>memoria</span> <span class='ocrx_word' id='word_1_397' title='bbox 825 4637 929 4681; x_wconf 84' lang='lat' dir='ltr'>servata</span> <span class='ocrx_word' id='word_1_398' title='bbox 953 4641 993 4684; x_wconf 88' lang='lat' dir='ltr'>est</span> <span class='ocrx_word' id='word_1_399' title='bbox 1017 4637 1043 4682; x_wconf 90' lang='lat' dir='ltr'>in</span> <span class='ocrx_word' id='word_1_400' title='bbox 1069 4634 1157 4686; x_wconf 86' lang='lat' dir='ltr'>Schcl.</span> <span class='ocrx_word' id='word_1_401' title='bbox 1183 4634 1257 4682; x_wconf 92' lang='lat' dir='ltr'>Pind.</span> <span class='ocrx_word' id='word_1_402' title='bbox 1281 4634 1312 4682; x_wconf 87' lang='lat' dir='ltr'>cs.</span> <span class='ocrx_word' id='word_1_403' title='bbox 1337 4631 1419 4694; x_wconf 73' lang='lat'><strong>530).</strong></span> 
     </span>
    </p>
   </div>
   <div class='ocr_carea' id='block_1_4' title="bbox 188 4710 1418 4860">
    <p class='ocr_par' dir='ltr' id='par_1_6' title="bbox 188 4710 1418 4860">
     <span class='ocr_line' id='line_1_44' title="bbox 188 4710 1418 4781; baseline 0.005 -21"><span class='ocrx_word' id='word_1_404' title='bbox 188 4710 293 4774; x_wconf 89' lang='lat' dir='ltr'>Errant,</span> <span class='ocrx_word' id='word_1_405' title='bbox 319 4712 367 4775; x_wconf 87' lang='lat' dir='ltr'>qui</span> <span class='ocrx_word' id='word_1_406' title='bbox 390 4713 594 4774; x_wconf 72' lang='lat' dir='ltr'>epigrammata</span> <span class='ocrx_word' id='word_1_407' title='bbox 617 4729 648 4764; x_wconf 82' lang='lat' dir='ltr'>ex</span> <span class='ocrx_word' id='word_1_408' title='bbox 672 4715 801 4765; x_wconf 87' lang='lat' dir='ltr'>Aeschine</span> <span class='ocrx_word' id='word_1_409' title='bbox 826 4716 1000 4768; x_wconf 87' lang='lat' dir='ltr'>Plutarchum</span> <span class='ocrx_word' id='word_1_410' title='bbox 1026 4721 1149 4780; x_wconf 89' lang='lat' dir='ltr'>petivisse</span> <span class='ocrx_word' id='word_1_411' title='bbox 1173 4722 1269 4781; x_wconf 89' lang='lat' dir='ltr'>putent</span> <span class='ocrx_word' id='word_1_412' title='bbox 1291 4715 1354 4778; x_wconf 89' lang='lat' dir='ltr'>(vid.</span> <span class='ocrx_word' id='word_1_413' title='bbox 1377 4732 1418 4780; x_wconf 87' lang='lat' dir='ltr'>ap.</span> 
     </span>
     <span class='ocr_line' id='line_1_45' title="bbox 189 4795 578 4860; baseline 0.01 -16"><span class='ocrx_word' id='word_1_414' title='bbox 189 4795 245 4845; x_wconf 81' lang='lat' dir='ltr'>lius.</span> <span class='ocrx_word' id='word_1_415' title='bbox 264 4795 333 4860; x_wconf 79' lang='lat'><em>111²).</em></span> <span class='ocrx_word' id='word_1_416' title='bbox 354 4796 392 4846; x_wconf 83' lang='lat' dir='ltr'>Os.</span> <span class='ocrx_word' id='word_1_417' title='bbox 410 4795 423 4858; x_wconf 69' lang='grc' dir='ltr'><strong>ἓ</strong></span> <span class='ocrx_word' id='word_1_418' title='bbox 440 4795 473 4846; x_wconf 77' lang='lat'>29</span> <span class='ocrx_word' id='word_1_419' title='bbox 495 4813 520 4847; x_wconf 91' lang='lat' dir='ltr'>n.</span> <span class='ocrx_word' id='word_1_420' title='bbox 537 4797 578 4848; x_wconf 71' lang='lat'>28.</span> 
     </span>
    </p>
   </div>
   <div class='ocr_carea' id='block_1_5' title="bbox 0 0 1778 5724">
    <p class='ocr_par' dir='ltr' id='par_1_7' title="bbox 0 0 1778 5724">
     <span class='ocr_line' id='line_1_46' title="bbox 0 0 1778 5724; baseline 0 0"><span class='ocrx_word' id='word_1_421' title='bbox 0 0 1778 5724; x_wconf 95' lang='lat' dir='ltr'> </span> 
     </span>
    </p>
   </div>
  </div>
 </body>
</html>
