3546 5724
391 506 466 580 Cap.
481 497 538 564 '11.
983 503 1021 564 56

390 691 531 750 tabulam
563 689 703 766 pictam).
740 691 830 750 Unde
862 690 953 749 nobis
984 691 1080 749 datur
1111 690 1234 749 occasio
1265 691 1499 766 constituendi,
1534 709 1616 766 quae

389 789 508 848 fuerint
536 788 729 848 narrationis
756 789 910 848 elementa
939 788 1103 864 scriptoris
1131 789 1175 864 X,
1206 806 1301 863 quem
1330 788 1362 846 in
1388 789 1616 865 epigrammate

392 888 448 947 137
475 889 636 947 laudando
665 887 873 947 Plutarchum
898 887 1028 963 Ephoro
1052 885 1106 962 (Y)
1129 887 1319 961 praetulisse
1340 886 1498 961 apparuit.
1535 887 1614 946 Cum

390 986 472 1044 Plut.
507 985 622 1045 habeat
653 1003 768 1044 nomeu
802 985 975 1046 Simonidis
1007 985 1227 1061 epigrammati
1259 984 1436 1059 adiectum,
1476 1001 1611 1058 uxores,

390 1085 513 1143 statuas
542 1100 673 1158 aeneas,
704 1084 858 1142 elementa
879 1082 920 1142 ab
941 1082 1098 1157 Ephoreis
1119 1082 1246 1141 diversa
1270 1080 1399 1157 (nornen
1424 1082 1612 1156 simonidia,

390 1179 527 1255 statuae)
556 1181 654 1257 igitur
681 1181 761 1240 fonti
790 1182 817 1239 X
845 1181 1048 1240 attribuenda
1077 1183 1169 1255 sunt,
1201 1180 1256 1256 qui
1285 1179 1317 1238 in
1343 1180 1441 1239 altero
1462 1181 1615 1239 elemento

389 1297 462 1338 cum
484 1279 614 1355 Ephoro
635 1279 823 1338 convenisse
845 1279 981 1337 videtur.
1580 1265 1582 1270 ’

429 1377 600 1454 Quaerenti
622 1380 660 1438 dc
681 1379 920 1454 epigrammatis
941 1380 1087 1437 textuum
1109 1376 1311 1434 diversorum
1329 1376 1513 1436 condicione
1530 1377 1615 1452 apud

390 1475 561 1550 scriptores
589 1478 616 1535 Y
645 1474 838 1553 (Ephorum)
865 1479 896 1536 et
918 1477 944 1534 X
966 1477 1025 1536 hoc
1046 1475 1161 1534 acriter
1181 1475 1355 1533 tenendum
1376 1476 1424 1533 est
1445 1475 1615 1550 diligen-

390 1573 450 1630 ter
474 1591 565 1633 esse
585 1575 908 1651 distinguendas
929 1571 1241 1649 epigrammatis
1264 1573 1402 1630 textus
1425 1571 1615 1630 diversas

389 1671 651 1732 traditiones.
677 1674 806 1733 Certum
821 1674 868 1732 est
881 1671 1103 1744 Plutarchum,
1121 1670 1148 1728 si
1163 1670 1256 1729 unice
1269 1687 1351 1728 usus
1365 1674 1449 1729 esset
1462 1670 1617 1744 scriptore

390 1769 417 1826 Y
434 1767 603 1847 (Ephoro),
624 1772 761 1830 eundem
775 1773 897 1830 textum
912 1767 1150 1845 epigrammatis
1165 1767 1371 1826 laudaturum
1385 1767 1500 1843 fuisse,
1521 1784 1614 1841 quem

390 1868 555 1942 Ephorum
577 1868 729 1928 habuisse
750 1868 904 1927 vidimus:
935 1867 1051 1926 scilicet
1072 1866 1183 1941 talem,
1213 1865 1317 1941 qualis
1340 1883 1425 1925 nunc
1446 1865 1562 1941 legitur
1583 1866 1615 1923 in

392 1965 517 2026 Scholio
545 1966 723 2026 Pindarico.
759 1966 852 2035 Quod
880 1964 921 2024 ab
949 1966 1008 2024 hoc
1029 1966 1118 2023 textu
1139 1963 1298 2040 discrepat
1320 1965 1546 2040 PlutarcheuS,
1577 1982 1616 2022 ex

389 2081 425 2122 eo
453 2065 676 2140 explicandum
704 2067 768 2139 est,
800 2063 885 2138 quod
914 2064 1002 2122 iuxta
1032 2062 1151 2120 fontem
1179 2063 1206 2120 Y
1234 2063 1405 2136 usurpavit
1434 2062 1553 2122 fontem
1576 2063 1612 2120 X.

389 2162 451 2231 Qui
477 2164 574 2239 igitur
600 2181 665 2223 non
692 2164 811 2237 solum,
843 2161 929 2236 quod
951 2161 1062 2220 attinet
1083 2160 1123 2220 ad
1145 2160 1338 2219 narrationis
1359 2161 1529 2235 elementa,
1561 2160 1615 2218 sed

389 2262 484 2336 etiam
518 2262 550 2320 in
585 2264 674 2320 textu
708 2260 947 2337 epigrammatis
983 2278 1001 2319 a
1037 2258 1207 2319 traditione
1237 2259 1283 2335 A,
1321 2276 1418 2333 quam
1450 2259 1615 2333 Ephorum

389 2359 694 2434 Theopompumque
725 2362 982 2433 repraesentasse
1010 2358 1175 2432 apparuit,
1210 2357 1327 2416 diflert.
1362 2356 1549 2416 Accuratius
1578 2356 1617 2414 de

390 2456 574 2515 condicione
605 2456 843 2532 epigrammatis
875 2457 961 2531 apud
992 2456 1159 2531 Ephorum
1193 2454 1236 2531 (et
1267 2455 1349 2514 trad.
1384 2452 1423 2531 A)
1456 2457 1552 2529 atque
1582 2454 1616 2512 in

390 2554 478 2612 fonte
506 2555 532 2612 X
560 2555 705 2613 textuum
734 2554 811 2612 mihi
832 2554 1001 2613 dicendum
1023 2554 1098 2630 erit,
1129 2571 1202 2613 cum
1224 2554 1263 2614 de
1283 2554 1406 2613 ratione
1426 2554 1532 2612 textus
1553 2552 1615 2626 epi·

391 2652 578 2727 grammatis
599 2653 685 2727 apud
706 2652 903 2711 Athenaeum
925 2653 1099 2711 viderimus
1123 2651 1175 2728 (cl.
1203 2650 1246 2730 ἓξ
1270 2652 1324 2724 31,
1349 2649 1412 2728 33).

431 2747 451 2827 ς
473 2749 521 2809 30.
567 2747 618 2810 De
634 2747 935 2828 Athenaeo-atque
955 2748 1224 2811 Chamaeleonte.
1260 2750 1418 2818 Quoniam
1434 2767 1472 2809 ex
1491 2749 1617 2809 Scholio

390 2847 557 2908 Pindarico
593 2849 732 2925 scimuS,
773 2851 878 2908 utram
913 2850 1116 2909 traditionem
1151 2849 1436 2924 repraesentaverit
1470 2865 1617 2923 quaeque

389 2945 542 3004 elementa
577 2948 770 3007 narrationis
806 2947 998 3008 continuerit
1033 2965 1119 3006 unus
1157 2944 1409 3024 (Theopompus)
1442 2964 1481 3005 ex
1511 2946 1616 3005 tribus

390 3044 619 3120 scriptoribus,
658 3045 776 3120 quibus
811 3047 868 3105 niti
904 3046 1030 3105 videtur
1065 3045 1217 3104 Athenaei
1248 3045 1484 3120 testimonium,
1523 3044 1616 3103 nobis

389 3142 494 3201 datus
509 3144 557 3201 est
578 3143 667 3202 locus
689 3145 865 3218 statuendi,
896 3144 974 3218 quid
995 3143 1081 3218 apud
1102 3143 1200 3202 istum
1223 3161 1286 3202 non
1310 3143 1529 3218 Theopompo,
1560 3143 1616 3201 sed

389 3240 457 3298 sive
492 3241 726 3300 chamaeleonti
761 3241 914 3300 debeatur
949 3241 1017 3300 sive
1051 3241 1188 3300 Timaeo.
1234 3242 1474 3316 Theopompum
1510 3243 1614 3300 autem

389 3355 462 3396 cum
490 3355 615 3424 nomen¹
634 3341 744 3414 poetae
772 3339 918 3398 omisisse
949 3337 1043 3415 (trad.
1068 3336 1107 3415 A)
1131 3342 1253 3398 constet
1274 3341 1442 3414 ceteraque
1462 3339 1616 3398 elementa

389 3435 541 3495 habuisse
573 3438 755 3497 matronas
785 3439 880 3510 atque
913 3434 1086 3511 tabulam,
1121 3454 1249 3495 necesse
1279 3439 1327 3495 est
1357 3437 1518 3496 Athenaeo
1549 3437 1618 3495 sive

390 3534 664 3594 Chamaeleontem
692 3535 760 3594 sive
781 3535 946 3593 Timaeum
968 3535 1035 3592 sive
1056 3536 1231 3610 utrumque
1252 3535 1474 3611 suppeditasse
1495 3535 1616 3593 traditi-

389 3649 481 3691 onem
515 3631 536 3691 S
568 3635 663 3707 atque
691 3629 883 3693 meretrices
910 3634 987 3691 deae
1015 3633 1183 3707 supplices
1220 3634 1258 3691 In
1280 3633 1432 3692 Athenaei
1454 3635 1617 3708 practerea

390 3730 582 3790 narrationis
603 3731 766 3790 elementis
788 3732 847 3790 hoc
869 3731 986 3789 mirum
1008 3731 1136 3805 accidit,
1162 3731 1247 3806 quod
1266 3749 1368 3791 unum
1387 3729 1522 3808 (tabula)
1543 3748 1617 3790 cum

391 3828 517 3889 Scholio
549 3829 717 3889 Pindarico
748 3829 775 3887 ei
807 3831 855 3887 est
883 3846 1067 3903 commune,
1103 3830 1236 3888 alterum
1268 3827 1396 3906 (nomen
1428 3828 1615 3905 Simonidis)

333 3932 336 3937 “
389 3946 462 3987 cum
490 3928 677 4003 Plutarcho,
709 3928 838 3986 tertium
866 3927 906 3985 ab
935 3929 1071 4001 utroque
1099 3926 1266 4002 discrepat.
1303 3928 1393 3986 Unde
1420 3928 1483 3986 iam
1509 3928 1616 3987 statim

389 4026 533 4100 sequitur
554 4026 614 4084 hoc
634 4027 841 4100 elementum,
866 4042 930 4099 quo
946 4022 1138 4084 meretrices
1153 4043 1217 4084 non
1236 4025 1419 4085 matronae
1435 4025 1618 4085 Corinthiae

388 4123 600 4197 precationem
622 4123 734 4182 1001000
755 4122 994 4197 significantur,
1020 4121 1167 4180 neutrius
1181 4122 1421 4198 epigrammatis
1435 4123 1616 4183 traditionis

389 4237 459 4278 esse
490 4220 671 4296 proprium,
706 4224 741 4279 ut
775 4218 853 4298 §31
887 4221 919 4278 in
952 4220 1076 4279 donarii
1107 4221 1277 4296 elemento,
1309 4222 1393 4296 quod
1423 4222 1456 4279 in
1484 4222 1565 4282 trad.
1591 4223 1617 4281 A

388 4317 497 4376 tabula
529 4318 588 4393 sit,
626 4319 659 4376 in
691 4319 772 4378 trad.
810 4318 831 4378 S
864 4321 1008 4394 statuae,
1047 4319 1116 4376 fieri
1148 4320 1337 4378 videbimus.
1382 4320 1616 4395 Inquirendum

388 4415 486 4490 igitur
507 4417 572 4490 est,
596 4432 678 4489 quae
699 4418 782 4474 extet
804 4417 945 4476 condicio
963 4417 1046 4475 inter
1063 4415 1160 4474 huius
1179 4418 1323 4476 elementi
1342 4418 1457 4477 indicia
1475 4418 1612 4477 diversa.

389 4514 477 4572 Haec
497 4513 642 4587 quaestio
663 4531 727 4572 una
749 4531 821 4572 cum
844 4514 958 4589 altera,
984 4531 1067 4588 quae
1088 4518 1136 4572 est
1157 4515 1195 4572 de
1217 4515 1399 4574 condicione
1420 4517 1502 4575 inter
1523 4516 1614 4575 Athe·

389 4627 503 4668 naeum
527 4613 622 4684 atque
642 4613 723 4686 tres,
749 4629 830 4685 quos
852 4611 976 4686 laudat,
1002 4612 1188 4687 scriptoreS,
1214 4612 1411 4672 tractabitur.

429 4707 667 4783 Quaestionem,
685 4726 724 4767 ex
739 4726 802 4783 quo
817 4710 856 4768 de
870 4709 974 4768 tribus
990 4709 1050 4768 illis
1066 4711 1251 4770 auctoribus
1268 4712 1409 4771 hauserit
1421 4712 1612 4787 Athenaeus,

388 4805 452 4863 iam
484 4806 654 4865 maximam
686 4811 808 4882 partem
842 4807 936 4867 solvit
964 4807 1179 4868 Wilamowitz.
1215 4809 1419 4884 Quamquam
1439 4827 1505 4869 una
1526 4810 1617 4886 inre
