3516 5712
767 503 802 576 ιο
1222 511 1319 594 sto,
1344 507 1392 576 n.

165 699 277 764 aetatis
287 699 326 781 2).
369 698 406 762 Id
443 718 571 780 quoque
609 703 759 764 carminis
799 703 950 780 prooemii
989 703 1137 781 religiosa
1177 703 1396 781 interpretatio

166 804 329 862 admonet:
353 799 536 880 ἐπίγραμμα
556 848 562 861 .
587 849 594 861 .
617 849 623 860 .
647 847 653 861 .
676 799 876 880 ἀπολόμενον
897 808 942 881 τῷ
959 799 1068 882 χρόνῳ
1083 799 1164 862 ‘EM
1185 802 1396 882 ἐπιγραφῆναι

166 899 325 977 ἒποίιγσενε
353 918 435 975 quae
461 904 641 976 temporum
663 901 782 960 invidia
805 903 980 960 evanuerat
1001 901 1219 976 inscriptio'in
1242 902 1394 961 honorem

166 1016 275 1057 eorum
298 996 420 1077 ἡρώων
443 997 502 1075 (sic
523 999 801 1074 praedicabantur,
826 999 935 1073 quiin
959 999 1040 1058 bello
1061 1000 1182 1058 Medico
1197 1000 1391 1075 ceciderant,

166 1097 205 1155 cf.
237 1096 373 1156 Bl.-H.
404 1096 445 1155 ad
474 1097 571 1156 Paus.
601 1095 681 1173 11.),
713 1130 753 1139 -
781 1097 900 1171 quibus
927 1095 1086 1156 civitatem
1114 1114 1239 1172 semper
1265 1099 1395 1157 taurum

164 1195 348 1254 immolasse
369 1197 505 1253 testatur
526 1195 765 1270 epigrammatis
787 1194 979 1269 subscriptio
1001 1191 1120 1272 ίμεχρὶς
1141 1192 1192 1273 ἐφ’
1213 1193 1307 1272 ἡμῶν
1326 1193 1393 1274 diri

165 1288 253 1358 πόλις
274 1294 392 1368 ταῦρον
413 1288 561 1368 ἒνάγιζεν’
588 1326 642 1367 -,
675 1309 761 1367 eam,
790 1309 862 1351 cum
884 1293 917 1350 in
939 1291 1020 1351 libro
1041 1292 1180 1367 quodam
1202 1293 1230 1351 ei
1252 1293 1394 1352 oblatum

165 1393 263 1465 esset,
289 1390 396 1449 denuo
417 1389 551 1449 inscribi
572 1390 666 1448 iussit
687 1390 865 1449 Helladius.

204 1489 273 1547 lam
304 1506 361 1563 per
383 1505 417 1546 se
439 1488 609 1547 verisimile
630 1491 678 1546 est
699 1488 881 1546 Helladium
904 1488 953 1546 vel
975 1490 1154 1563 auctorem,
1187 1505 1282 1562 quem
1304 1489 1393 1548 adhi-

164 1586 285 1661 buerit,
311 1586 422 1644 reierri
444 1586 559 1645 debere
580 1587 620 1644 ad
642 1603 711 1644 eam
733 1586 998 1661 epigrammatum
1021 1586 1250 1661 collectionem,
1275 1586 1308 1644 in
1330 1604 1394 1660 qua

167 1683 340 1743 Simonidis
369 1684 498 1742 nomine
525 1684 639 1743 ornata
667 1685 826 1759 legeretur
853 1684 1120 1759 epigrammatum
1149 1684 1248 1743 series
1278 1701 1321 1744 sc.
1353 1685 1395 1744 ad

165 1782 324 1841 Coronam
343 1781 563 1856 Meleagream.
587 1782 728 1840 Aiiuisse
749 1783 855 1840 autem
875 1782 934 1840 hoc
948 1799 997 1856 ep.
1015 1782 1047 1840 in
1066 1781 1248 1841 Simoniden
1266 1782 1394 1859 Sylloge

163 1879 377 1939 demonstrari
409 1881 527 1954 potest,
562 1897 636 1938 nam
669 1897 772 1938 unum
802 1881 850 1938 est
882 1897 920 1938 ex
952 1879 991 1938 iis
1019 1881 1276 1956 epigrammatis,
1311 1898 1394 1955 quae

164 1979 302 2053 respexit
337 1977 537 2038 Simonideae
570 1976 716 2053 Sylloges
748 1978 888 2036 imitator
920 1979 1099 2038 Mnasalcas
1133 1977 1185 2054 (ot.
1220 1976 1239 2056 ς
1270 1978 1339 2054 109)
1351 1978 1389 2055 3).

164 2076 232 2135 Ηοα
263 2094 313 2151 ep.
344 2075 442 2151 igitur
473 2093 536 2134 non
568 2076 611 2134 ita
644 2076 879 2135 aestimandum
906 2079 970 2150 est,
1005 2077 1098 2150 quasi
1127 2093 1186 2135 nos
1215 2077 1391 2135 habeamus

162 2175 336 2249 genuinam
359 2174 441 2249 cippi
461 2174 718 2249 inscriptionem,
744 2175 799 2232 sed
822 2173 1028 2233 referendum
1048 2175 1088 2234 ad
1110 2190 1146 2233 ea
1161 2175 1392 2250 epigrammata

107 2299 112 2311 =
165 2270 238 2348 (eg.
264 2290 313 2348 ep.
339 2272 393 2347 96,
425 2272 463 2332 ci.
498 2269 541 2349 ἐξ
572 2272 627 2347 53,
661 2269 750 2347 101),
783 2273 918 2347 quaein
941 2273 1150 2348 Meleagream
1173 2273 1331 2332 Coronam
1353 2291 1392 2332 ex

166 2369 292 2446 Sylloge
306 2369 487 2429 Simoniden
499 2371 655 2433 translata
668 2387 707 2428 ex
718 2370 770 2429 illa
782 2387 800 2428 a
814 2370 952 2444 Cephala
965 2387 1029 2428 non
1041 2373 1166 2445 recepta
1178 2389 1248 2430 esse
1260 2371 1388 2431 scimus.

204 2465 223 2544 ξ
256 2468 305 2526 41.
353 2466 403 2527 De
438 2465 557 2527 ceteris
591 2465 890 2545 insciptionum.
937 2468 1047 2527 Cetera
1083 2485 1154 2544 epp.
1188 2469 1388 2546 Simonides,

162 2583 244 2640 quae
269 2566 303 2623 in
331 2565 595 2640 inscriptionibus
623 2567 792 2641 leguntur,
824 2583 863 2624 ex
884 2566 1095 2641 scriptoribus
1117 2584 1246 2641 quoque
1266 2569 1392 2644 cognita

161 2664 329 2723 habemus.
357 2663 440 2723 Sunt
462 2664 554 2722 haec:

193 2887 216 2949 2)
251 2888 356 2938 Boeckh
369 2889 400 2938 ad
418 2894 534 2938 nostram
547 2889 639 2938 insen:
653 2885 719 2937 ‘tum
730 2887 896 2951 Megarenses
905 2888 1094 2937 instaurandae
1105 2889 1163 2938 urbi
1173 2904 1279 2950 operam
1290 2890 1392 2940 dedisse

160 2973 237 3023 docet
248 2974 346 3023 titulus
358 2973 390 3022 de
403 2972 519 3036 Diogene
532 2971 632 3022 Comite
644 2987 685 3035 ap.
694 2969 805 3020 Chandl.
817 2971 895 3020 lnscr.
906 2971 936 3020 ll.
948 2969 997 3020 130
1010 2985 1033 3034 p.
1045 2969 1076 3019 79
1090 2969 1132 3033 [=
1143 2970 1295 3036 0103000,
1309 2971 1391 3023 ClGS.

161 3059 179 3107 l.
188 3055 243 3121 06],
255 3073 337 3122 quem
351 3059 383 3107 ad
394 3057 559 3107 Christianos
573 3057 693 3106 reieci-
706 3071 777 3106 nunc
789 3061 879 3105 tamen
893 3057 968 3105 illum
980 3056 1131 3106 Helladium
1145 3056 1215 3105 haud
1230 3059 1308 3120 paulo
1321 3059 1391 3106 anti-

159 3143 279 3206 quiorem
290 3143 386 3204 iudico,
397 3157 492 3206 nempe
501 3144 583 3192 etiam
593 3147 656 3191 ante
665 3142 730 3190 illud
741 3146 847 3205 tempus
857 3142 945 3204 plures
953 3141 1065 3205 Megaris
1074 3142 1106 3191 de
1116 3142 1287 3191 restituendis
1296 3157 1391 3192 monu-

160 3228 258 3277 mentis
270 3229 359 3278 meriti
372 3232 444 3290 sunt,
457 3232 488 3276 ut
498 3242 515 3276 a
524 3226 650 3277 Pontifice
660 3226 775 3289 quodam
786 3227 814 3275 in
825 3226 916 3274 urbem
928 3226 1129 3275 instaurandam
1140 3231 1264 3289 sumptus
1272 3233 1392 3290 erogatas

159 3327 230 3375 esse,
248 3311 354 3361 videtur
372 3327 397 3361 n.
415 3310 482 3361 1065
501 3309 543 3374 [=
562 3309 645 3361 ClGS.
665 3312 683 3360 Ι.
702 3309 762 3373 179]
783 3311 888 3372 docere3
907 3316 935 3359 et
948 3317 1038 3374 postea
1048 3311 1187 3360 Herculius
1199 3312 1272 3361 varia
1280 3311 1392 3375 Megaris

159 3411 238 3459 opera
254 3397 374 3446 restituit
391 3395 429 3458 (n.
447 3395 509 3446 1081
531 3393 574 3458 [=
594 3396 667 3446 Kaib.
685 3393 749 3459 913,
767 3394 851 3444 ClGS.
870 3396 889 3444 Ι.
907 3392 981 3457 93]).
1000 3396 1140 3445 Praeterea
1152 3397 1392 3446 conferendumest

159 3481 324 3544 epitaphium
348 3479 451 3545 Orsippi
475 3479 550 3543 (ClG.
569 3478 649 3542 1050,
668 3480 741 3529 llaib.
760 3478 824 3544 8t3,
843 3478 924 3529 ClGS.
945 3481 963 3529 l.
983 3480 1255 3544 50,111ε11ε-Η1111),
1279 3482 1306 3529 in
1325 3482 1391 3530 valle

160 3563 308 3628 Megarensi
321 3569 463 3627 repertum,
479 3565 549 3628 quod
563 3560 723 3626 ‘antiquitus
735 3564 815 3626 lapidi
829 3569 869 3613 est
881 3564 1047 3627 inscriptum,
1060 3570 1119 3614 tum
1132 3570 1280 3628 temporum
1293 3566 1392 3614 invidia

160 3650 287 3699 detritum
304 3650 338 3700 ab
356 3652 440 3699 altero
458 3649 578 3698 Helladio
597 3649 753 3697 restitutum
772 3649 819 3697 est'
838 3647 951 3712 (datu),
969 3650 1001 3699 ci.
1020 3649 1096 3698 Paus.
1116 3650 1135 3698 1.
1153 3649 1192 3698 11.
1211 3648 1234 3699 1.

190 3733 214 3792 3)
249 3735 318 3784 Ante
345 3734 488 3798 Berghium
517 3733 564 3781 viri
590 3732 658 3782 docti
685 3731 819 3795 (Boechb,
846 3733 1046 3797 Schneidewin,
1073 3733 1129 3796 alii)
1157 3734 1206 3782 hoc
1232 3749 1271 3796 cp.
1298 3735 1390 3797 respici

160 3822 322 3880 putaverunt
347 3819 373 3867 in
400 3817 486 3868 Schol.
512 3817 620 3868 Theocr.
646 3817 702 3867 llll.
727 3817 760 3865 07
787 3814 894 3866 Νισαῖοι
913 3815 1046 3882 Μεγαρεῖς
1064 3812 1242 3880 ἀριστεύοντες
1259 3813 1387 3879 ἐρετμοῖς]

158 3897 203 3950 καὶ
230 3897 386 3964 Σιμωνίδης
412 3896 514 3949 εἰιαινεῖ
535 3895 596 3954 τοὺς
622 3897 762 3964 Μεγαρεῖς.
799 3901 872 3960 Quod
901 3903 922 3950 si
949 3908 1019 3952 recte
1046 3902 1197 3952 observasse
1224 3902 1389 3965 viderentur,

160 3991 263 4048 praeter
288 3987 475 4050 grammaticos
503 3985 694 4036 Alexandrinos
719 3984 912 4035 Callimachum
938 3984 977 4048 (§§
1003 3986 1051 4050 01,
1077 3985 1155 4049 130),
1185 3986 1387 4049 Aristophanem

160 4070 317 4133 Byzantium
341 4068 366 4132 (ξ
383 4069 441 4133 37),
465 4071 662 4120 Aristodemum
686 4068 710 4132 (ἕ
729 4069 785 4131 77),
809 4070 921 4119 fortasse
944 4079 1071 4140 quartum
1096 4071 1233 4134 acquirere
1254 4085 1389 4134 possemus

159 4153 366 4216 grammaticum
390 4154 614 4217 Alexandrinum,
638 4155 684 4218 qui
705 4153 831 4218 Syllogen
849 4154 1028 4205 Simonideam
1046 4155 1217 4205 adhibuisset.
1245 4155 1293 4205 Sed
1313 4156 1388 4204 lucu·

158 4239 260 4286 lentum
279 4241 320 4287 est
337 4263 370 4274 -
388 4253 476 4302 neque
493 4239 518 4287 id
537 4239 607 4302 sugit
625 4239 768 4303 Bergkium
787 4236 830 4299 (fr.
848 4237 909 4300 199)
933 4265 966 4274 -
987 4240 1105 4290 scholion
1123 4240 1208 4288 dicere
1227 4239 1388 4289 Simonidem

159 4323 347 4385 praedicavisse
364 4323 531 4386 Megarenses
550 4328 579 4372 ut
598 4317 780 4385 ἀριστεύοντας
798 4319 929 4386 ἐρετμοῖς,
948 4327 989 4374 νε1
1009 4330 1038 4374 ut
1057 4325 1187 4374 recentior·
1202 4324 1349 4374 Scholiasta
1364 4325 1389 4374 M

158 4407 231 4457 addit
254 4406 336 4472 (apud
364 4408 474 4458 Ahrens.
502 4408 563 4456 Buc.
590 4406 633 4456 Gr.
662 4407 692 4456 ll.
719 4405 779 4469 351)
805 4402 928 4470 ἀρίστους
956 4405 986 4457 τὰ
1010 4404 1129 4457 ναυτικά.
1157 4408 1243 4457 Schol.
1270 4409 1389 4459 Ambros.

157 4489 281 4555 (Ziegler,
304 4490 365 4541 Cod.
390 4493 509 4543 Ambros.
533 4491 583 4540 000
607 4490 693 4542 Schol.
718 4493 745 4540 in
763 4492 885 4555 Theocr,
911 4493 1023 4556 'l'ubing
1041 4492 1107 4541 1867
1127 4508 1149 4556 p.
1168 4491 1212 4548 77)
1237 4495 1335 4556 optime
1353 4495 1390 4542 sic

159 4576 265 4638 praebet
287 4577 418 4626 scholion:
441 4579 614 4640 μαρτυρεῖ
630 4570 660 4623 ἀὲ
677 4571 764 4630 αὐτοῖς
783 4573 937 4640 Σιμωνίδης
954 4573 1131 4640 ναυτικήν.
1159 4576 1252 4640 ltaque
1271 4592 1321 4625 non
1341 4578 1390 4625 hoc

157 4660 320 4722 epigmmma
345 4666 447 4724 spectat
469 4660 631 4722 Scholiasta,
657 4660 702 4709 sed
726 4676 851 4724 οανιιιειι,
878 4677 932 4726 quo
956 4662 1102 4712 Simonides
1127 4662 1295 4724 Megarenses
1319 4663 1388 4710 cclc-

157 4743 286 4793 brarerat.
312 4745 406 4794 llaihel
431 4761 454 4808 p.
471 4745 520 4794 455
544 4746 601 4794 iure
627 4745 737 4807 Rerghio
763 4747 906 4795 assentitus
923 4751 977 4810 est,
1002 4747 1045 4796 sed
1064 4746 1162 4795 iniuria
1180 4748 1331 4810 suspicatus
1349 4752 1389 4795 est

157 4829 353 4892 epigrammati
371 4845 402 4878 ex
421 4829 469 4879 hoc
486 4832 542 4895 ipso
560 4831 659 4880 scholio
677 4831 818 4880 Simonidis
836 4847 933 4880 nomen
951 4832 1097 4881 accessisse.
