3546 5724
833 454 868 512 ιι
1311 450 1388 530 ge,
1414 452 1460 512 10.

239 643 320 702 sisse
340 642 418 702 mihi
439 643 578 718 videtur,
603 659 698 717 quem
717 641 866 717 apparuit
885 642 1056 700 nonnullos
1075 641 1161 700 viros
1179 640 1289 699 doctos
1307 640 1461 715 movisse,

239 743 274 800 ut
305 741 593 800 sententiunculam
624 740 844 814 interpositam
877 737 940 810 ἔξω
974 773 1006 780 -
1041 737 1224 816 ἐπίγραμμα
1252 755 1379 796 omnem
1407 755 1466 812 pro

241 839 325 899 scioli
340 839 526 898 emblemate
541 839 705 897 haberent.
731 838 819 906 Quos
834 839 940 896 autem
955 838 1007 896 ille
1021 836 1224 897 accusativus
1240 853 1303 894 non
1319 836 1462 910 offendit,

240 937 260 995 ii
291 937 343 996 alii
374 937 464 996 aliter
494 937 742 1010 explicaverunt.
780 935 926 994 Editores
959 937 997 994 de
1028 935 1190 993 Herodoto
1218 933 1335 1009 optime
1363 933 1465 992 meriti

242 1035 328 1094 Stein
350 1038 380 1094 et
402 1035 514 1093 Abicht
535 1035 754 1095 accusativum
776 1034 915 1109 pendere
937 1033 996 1092 rati
1019 1035 1094 1092 sunt
1116 1051 1134 1092 a
1157 1032 1254 1090 verbo
1272 1029 1462 1106 ἐπικοσμεῖν,

240 1133 325 1208 quod
354 1133 486 1191 verbum
516 1132 735 1191 accusativum
764 1131 808 1189 rei
838 1148 947 1206 regere
974 1147 1068 1205 posse
1095 1129 1329 1188 existimabant.
1365 1128 1465 1188 Cuius

239 1248 320 1290 usus
347 1231 527 1305 exemplum
556 1247 659 1304 neque
687 1229 828 1288 afferunt
854 1246 973 1304 neque,
1004 1228 1134 1303 opinor,
1165 1228 1282 1286 afferre
1303 1230 1463 1302 poterant:

239 1329 298 1387 dici
327 1329 412 1387 enim
440 1329 549 1403 nequit
571 1325 751 1403 ἐπικοσμεῖν
773 1323 838 1386 τινά
859 1347 884 1384 τι
906 1344 964 1401 pro
986 1323 1051 1386 τινά
1073 1347 1127 1384 τινι
1148 1324 1199 1401 l0).
1234 1326 1343 1399 Neque
1365 1325 1466 1399 placet

242 1427 364 1486 Sitzleri
390 1427 572 1502 explicatiO,
604 1427 658 1500 qui
681 1426 829 1484 hocloco
851 1428 922 1499 post
944 1423 1007 1493 ἐξα)
1030 1423 1048 1501 ἢ
1068 1423 1290 1482 attractionem
1312 1423 1465 1482 omissam

240 1543 309 1582 esse
331 1527 438 1600 putat,
468 1528 503 1582 ut
525 1541 767 1598 nonnumquam
789 1522 827 1582 iit
848 1525 920 1597 post
941 1522 1194 1598 comparativum
1216 1539 1287 1580 cum
1311 1520 1465 1595 particula

242 1621 259 1700 ἢ
287 1625 383 1696 atque
411 1625 482 1696 post
510 1619 629 1697 ὥσπερ.
665 1621 774 1679 Kaibel
803 1620 956 1678 Herodoti
985 1619 1081 1678 menti
1107 1619 1241 1677 verbum
1263 1615 1463 1695 ἐπιγράφειν,

241 1721 325 1794 quod
346 1720 562 1794 consequitur,
586 1720 650 1782 iam
671 1719 877 1777 obversatum
899 1735 969 1776 esse
991 1718 1175 1777 arbitratur.
1205 1718 1245 1776 Ut
1268 1717 1336 1774 viro
1358 1716 1465 1775 claris·
1490 1779 1491 1784 .

241 1819 320 1878 simo
352 1819 501 1878 assentiri
534 1819 609 1876 mihi
642 1818 751 1876 videor
782 1835 818 1876 ea
849 1817 882 1874 in
914 1834 964 1891 re,
999 1816 1085 1890 quod
1117 1815 1250 1874 verbum
1284 1811 1466 1891 ἐπιγράφειν

243 1915 305 1991 (vel
332 1917 439 1992 polius
467 1917 661 1976 inscribendi
683 1897 857 1991 notionem)
881 1933 951 1974 esse
972 1915 1004 1972 in
1027 1932 1125 1974 causa
1146 1914 1280 1989 iudicat,
1312 1914 1354 1971 ita
1376 1913 1466 1971 aliter

242 2032 305 2072 rem
335 2015 554 2089 explicandam
580 2033 683 2089 neque
705 2014 903 2072 Herodotum
925 2013 1087 2088 liberiore,
1119 2015 1154 2070 ut
1175 2012 1226 2070 ille
1248 2013 1331 2085 vult,
1364 2012 1465 2068 struc-

241 2116 311 2172 tura
344 2131 438 2172 usum
472 2114 525 2172 sed
558 2112 745 2172 necessitate
772 2115 916 2171 coactum
945 2111 1163 2170 accusativum
1191 2128 1250 2185 pro
1277 2109 1384 2168 dativo
1413 2127 1466 2182 po-

242 2211 344 2270 suisse
366 2213 453 2287 puto.

281 2310 359 2368 Mira
389 2327 466 2368 sane
495 2327 546 2368 res
575 2313 671 2383 atque
698 2327 716 2367 a
741 2307 972 2367 consuetudine
993 2307 1171 2366 abhorrens
1193 2305 1354 2365 Herodoto
1375 2321 1466 2362 enar·

241 2408 340 2466 randa
368 2411 451 2466 erat:
485 2409 619 2467 alterum
647 2407 680 2464 in
711 2407 792 2464 vatis
821 2407 1005 2465 memoriam
1034 2405 1185 2464 statuisse
1213 2405 1358 2478 cippum,
1393 2403 1466 2460 alte-

241 2523 311 2564 rum
332 2505 571 2581 inscriptionem
593 2505 828 2563 inscribendam
850 2504 1024 2562 curavisse.
1052 2505 1131 2562 Nam
1154 2505 1219 2561 tam
1241 2505 1309 2560 arte
1330 2517 1467 2560 conexae

241 2607 330 2663 erant
358 2605 498 2664 actiones
523 2604 605 2679 cippi
628 2603 788 2661 statuendi
810 2605 906 2676 atque
925 2601 1141 2676 inscriptionis
1163 2599 1400 2672 inscribendae,
1433 2600 1467 2656 ut

242 2702 294 2760 vix
322 2702 493 2776 quisquam
522 2701 653 2777 cogitari
682 2703 805 2775 posset,
837 2700 892 2774 qui
920 2700 1061 2758 defuncti
1091 2699 1274 2758 memoriam
1296 2697 1468 2756 celebraret

239 2800 319 2874 pila,
354 2801 405 2860 cui
434 2799 673 2874 inscriptionem
700 2798 943 2873 insculpendam
973 2797 1067 2855 simul
1097 2815 1161 2854 non
1190 2798 1333 2869 curaret,
1364 2811 1468 2868 neque

241 2898 429 2972 quisquam,
462 2898 519 2972 'qui
548 2898 744 2973 epitaphium
773 2898 939 2957 columnae
967 2895 1169 2954 incidendum
1200 2895 1338 2968 iuberet,
1370 2909 1466 2966 quam

240 2996 307 3070 ipse
325 3015 388 3054 non
408 2997 568 3071 posuisset
582 2995 632 3071 11).
659 2995 711 3055 Sic
729 2999 833 3055 autem
853 2996 1055 3068 factumest,
1080 2997 1115 3052 ut
1132 2993 1323 3066 locutiones,
1348 2990 1467 3064 quibus

241 3096 376 3168 utraque
411 3095 622 3154 denotabatur
657 3095 757 3169 actio,
796 3094 948 3168 paulatim
983 3091 1168 3166 primariam
1202 3089 1465 3165 significationem

241 3191 439 3251 extenderint
460 3191 519 3267 ita,
544 3195 579 3251 ut
597 3194 695 3251 altera
714 3193 844 3250 alterius
864 3191 1021 3249 notionem
1041 3189 1074 3247 in
1093 3207 1126 3247 se
1145 3189 1296 3263 reciperet
1315 3186 1468 3260 alterique

242 3307 420 3366 synonyma
442 3290 524 3348 facta
546 3293 672 3348 mortuo
694 3288 890 3348 monumenti
912 3286 1078 3346 dedicandi
1101 3287 1260 3344 notionem
1277 3285 1464 3342 assumeret.

282 3387 315 3446 Si
337 3387 388 3447 cui
410 3387 507 3462 igitur
529 3388 702 3446 necessitas
723 3387 928 3447 oboriebatur
949 3386 1020 3444 illas
1042 3385 1123 3443 duas
1141 3385 1281 3443 actiones
1299 3381 1468 3439 divellendi

241 3489 270 3544 et
291 3486 421 3561 proprio
443 3503 540 3544 sensu
564 3486 741 3560 usurpandi
763 3486 953 3560 locutiones,
978 3483 1097 3558 quibus
1119 3483 1189 3540 illae
1210 3481 1349 3540 actiones
1371 3478 1467 3554 signi·

241 3584 431 3658 ficabuntur,
455 3583 632 3658 perieulum
654 3586 735 3659 erat,
761 3601 801 3642 ne
822 3599 936 3658 parum
959 3581 1205 3655 intellegeretur.
1230 3580 1293 3636 Pro
1315 3580 1399 3636 certo
1421 3578 1468 3635 est

242 3682 397 3740 neminem
428 3682 625 3741 Herodotum
653 3682 889 3742 intellecturum
917 3682 1034 3754 fuisse,
1067 3679 1093 3736 si
1115 3678 1331 3736 dedicatorum
1354 3675 1468 3732 miram

241 3780 455 3838 condicionem
490 3780 710 3854 proposuisset
746 3781 805 3839 sic:
838 3775 1066 3856 Ἀμφικτύονες
1100 3775 1154 3835 εἰσι
1187 3773 1217 3834 οἱ
1249 3771 1468 3837 ἀναθέντες

241 3897 295 3953 urps
329 3873 475 3954 στήλας
506 3875 559 3936 καὶ
590 3877 620 3937 οἱ
650 3876 953 3956 ἐπιγράιμαντές
985 3897 1040 3953 σφι
1072 3869 1359 3949 ἐπιγράμματα
1391 3869 1467 3939 ἐξα)

242 3973 260 4051 ἢ
288 3971 322 4032 τὸ
349 3977 418 4034 τοῦ
445 3972 612 4051 μάντιος
640 3974 886 4054 ἐπίγραμμα.
922 3972 956 4035 τὸ
986 3971 1020 4032 δὲ
1048 3976 1102 4033 τοῦ
1129 3968 1257 4048 μάντιος
1285 3967 1468 4046 ἐπίγραμμα

241 4067 425 4149 Σιμωνίδης
452 4069 513 4132 ἐστὶ
541 4070 559 4132 ὁ
587 4069 776 4151 ἐπιγράψας.
811 4074 924 4148 ltaque
945 4071 1122 4146 exquisitae
1142 4068 1316 4128 locutiones
1338 4066 1420 4124 duae
1440 4065 1468 4123 ei

241 4170 467 4246 excogitandae
493 4174 600 4246 erant,
632 4171 751 4246 quibus
780 4172 823 4230 ita
846 4173 983 4245 utraque
1004 4168 1085 4228 actio
1107 4169 1288 4239 notaretur,
1319 4167 1354 4223 ut
1375 4181 1469 4222 omne

243 4333 399 4340 ——-—-—-

273 4429 307 4491 10)
342 4431 400 4488 Qua
427 4445 453 4478 re
479 4431 643 4480 accusativus
668 4431 805 4480 adbibitus
832 4431 866 4479 sit
889 4445 934 4492 pro
960 4429 1061 4492 dativo,
1088 4429 1160 4478 Stein
1185 4429 1221 4477 sic
1245 4429 1374 4490 explicare
1399 4429 1468 4476 vult:

242 4511 294 4564 ‘das
317 4515 480 4578 regelrechte
504 4519 541 4578 τῷ
561 4551 566 4562 .
587 4552 591 4562 .
612 4552 617 4563 .
638 4511 838 4579 ,ἐπιγράμματι
859 4515 949 4564 wdrde
968 4516 1027 4564 eine
1047 4514 1213 4576 unzul'atssige
1232 4513 1383 4575 Bezielrung
1401 4515 1468 4561 auch

243 4600 323 4650 dieser
343 4601 468 4650 lnschrift
485 4601 533 4650 auf
548 4597 631 4664 σφέας
650 4601 800 4651 bewirlzeu'.

273 4683 307 4745 11)
343 4685 412 4734 llaec
436 4685 491 4748 ipsa
515 4701 555 4734 res
579 4691 632 4748 est,
658 4700 706 4734 cur
730 4686 863 4734 llauvette
887 4685 967 4734 verba
991 4685 1101 4746 tradita,
1125 4699 1193 4746 quae
1217 4685 1321 4746 integra
1342 4698 1397 4732 esse
1416 4684 1470 4745 ipse

243 4770 382 4832 concessit,
399 4770 437 4818 ita
454 4771 620 4833 tractaverit,
639 4769 717 4833 quasi
735 4770 895 4820 emblemate
915 4776 1004 4819 essent
1021 4769 1175 4832 inquinata,
1194 4770 1225 4818 cf.
1245 4767 1257 4830 ἓ
1275 4767 1297 4818 7.
