3546 5724
767 511 805 578 οε
1306 511 1325 593 s
1348 509 1396 577 aa

175 701 293 782 quibus
327 701 509 765 Athenaeus
544 707 639 780 atque
671 701 863 763 Plutarchus
894 705 1030 779 uterque
1062 720 1080 762 a
1112 701 1316 778 Theopompo
1349 700 1401 780 (A)

175 805 340 877 recedunt;
369 821 452 879 quae
473 805 549 862 sunt
570 804 603 861 in
625 804 797 877 conspectu
822 819 890 860 meo
913 799 948 878 (ᾖ
971 799 1023 876 31)
1047 801 1195 860 lectiones

224 902 251 960 2.
296 903 354 960 Th.
379 899 511 961 ἔστασαν
649 933 689 942 -
710 900 780 958 Ath.
807 900 852 957 Pl.
878 896 1008 958 εἀιάθεν

225 998 252 1058 6.
321 1021 334 1048 >>
383 995 512 1075 δόμεναι
648 1031 687 1039 -
738 1021 751 1048 >>
819 1021 831 1048 >>
874 993 1039 1074 προδόμεν
1263 1042 1265 1046 ,

226 1097 252 1154 l.
321 1121 333 1146 »
382 1093 574 1175 ἀγχεμάχων
588 1092 627 1171 44)
650 1096 781 1166 <Ath.
807 1091 1024 1174 εὐθυμάχων
1047 1117 1075 1147 ω
1098 1096 1144 1154 Pl.
1170 1093 1354 1174 ἰθυμάχων

224 1195 252 1254 4.
321 1217 334 1244 >>
383 1191 528 1272 ἐβούλετο
649 1197 689 1264 <
740 1217 752 1244 »
806 1190 965 1271 ἐμήσατο
1046 1215 1074 1245 ω
1116 1217 1128 1244 >›
1170 1191 1332 1273 ε’μήδετο.

175 1292 213 1350 In
233 1309 300 1350 var.
324 1291 338 1349 1
357 1291 493 1351 formam
508 1288 725 1370 εὐθυμάχων
742 1291 905 1350 traditioni
925 1291 946 1351 S
966 1291 1169 1351 tribuendam
1186 1309 1257 1350 esse
1275 1293 1403 1350 demon-

175 1388 284 1448 strabo
303 1387 323 1466 ξ
343 1389 401 1448 128
418 1407 457 1447 ex
475 1388 649 1448 imitatione
665 1389 761 1447 huius
778 1388 836 1447 loci
851 1389 886 1446 in
902 1389 1130 1464 epigrammate
1147 1388 1329 1448 Simonideo
1347 1389 1404 1448 103

176 1487 276 1563 (quod
308 1479 485 1562 numquam
516 1488 548 1546 in
580 1486 708 1562 Sylloge
738 1487 852 1574 lectum
885 1503 972 1562 esse,
1008 1487 1063 1544 sed
1095 1503 1166 1544 esse
1197 1487 1404 1546 imitationem

174 1584 370 1659 Mnasalcae,
395 1602 478 1659 quae
495 1587 604 1659 postea
622 1583 794 1643 Simonidis
810 1584 1029 1643 anctoritatem
1045 1584 1263 1659 acquisiverit,
1287 1584 1404 1644 ibidem

174 1681 388 1758 probabitur).
413 1682 616 1758 Quamquam
638 1683 774 1742 formam
796 1678 981 1760 ἰθυμάχων
1002 1682 1174 1758 genuinam
1196 1682 1296 1740 luisse
1317 1683 1405 1746 haud

174 1780 332 1838 immerito
353 1781 426 1858 quis
447 1781 614 1840 coniecerit
634 1779 685 1857 45).
716 1781 808 1839 Illata
829 1797 900 1838 esse
922 1779 1048 1839 videtur
1070 1780 1147 1839 haec
1168 1781 1270 1839 forma
1292 1798 1310 1839 a
1332 1781 1404 1839 Plu·

174 1879 294 1937 tarcho.
321 1878 525 1938 Collectorem
545 1881 578 1936 in
601 1896 668 1937 var.
693 1879 710 1937 4
733 1874 874 1956 ἐμήδετο
897 1874 1024 1954 (Plut.),
1048 1895 1113 1936 non
1135 1875 1281 1956 ἐμήσατο
1301 1875 1402 1954 (Ath.)

175 1992 233 2049 pro
261 1972 408 2053 ἐβούλετο
435 1974 487 2053 (Α)
518 1977 701 2051 reposuisse
726 1978 848 2034 certum
874 1975 952 2033 mihi
975 1975 1110 2034 videtur.
1146 1975 1226 2034 Nam
1248 1977 1335 2034 nulla
1357 1977 1404 2034 est

175 2091 289 2149 causa,
325 2092 383 2133 cur
412 2091 485 2133 eum
516 2077 643 2149 tempus
674 2074 911 2149 imperfectum,
946 2073 1032 2147 quod
1065 2072 1248 2146 ceteroquin
1280 2073 1404 2148 legatur

176 2173 261 2246 apud
294 2172 519 2248 Plutarchum,
555 2173 769 2231 commutasse
797 2171 966 2230 credamus
994 2171 1026 2228 in
1056 2171 1225 2243 aoristum;
1260 2167 1340 2249 ε’μήο
1349 2191 1404 2229 ατο

176 2270 244 2329 sine
265 2271 363 2330 dubio
384 2271 452 2329 sive
473 2270 633 2329 Athenaeo
654 2270 715 2345 ipsi
737 2270 804 2328 sive
825 2269 956 2327 librario
977 2268 1202 2343 imputandum
1223 2271 1281 2327 est.

214 2368 283 2427 Alia
314 2371 362 2428 est
393 2366 534 2428 condicio
566 2369 736 2427 lectionum
767 2368 802 2444 4,
839 2369 872 2425 in
904 2384 968 2443 qua
1000 2369 1030 2426 et
1061 2367 1132 2426 Ath.
1166 2365 1342 2446 (εὔχεσθαι)
1374 2371 1406 2426 et

176 2466 258 2524 Plut.
286 2463 481 2544 (εὐξάμεναι)
504 2467 545 2526 ab
567 2467 592 2525 A
615 2463 809 2544 (εὐχόμεναι)
834 2465 958 2541 differt,
983 2468 1013 2524 et
1034 2467 1069 2541 5,
1089 2449 1177 2540 ¹quae
1197 2467 1272 2526 huic
1293 2467 1405 2526 cumA

176 2581 344 2623 commune
365 2567 412 2623 est
435 2561 603 2642 (Μήδοις),
628 2581 700 2623 cum
722 2565 773 2623 ille
791 2564 878 2622 solus
898 2562 1012 2622 habeat
1033 2559 1180 2640 Πέρσαις.
1203 2565 1271 2623 Iam
1290 2565 1406 2640 prioris

176 2663 409 2738 discrepantiae
436 2663 589 2721 rationem
618 2662 756 2720 vidimus
785 2659 804 2739 ξ
827 2660 880 2720 31;
910 2660 1072 2719 traditioni
1096 2660 1117 2720 S
1141 2663 1337 2738 assignanda
1358 2666 1406 2721 est

175 2760 265 2820 lectio
280 2758 462 2838 εὐξάμεναι,
481 2777 553 2818 cum
569 2757 718 2837 εὔχεσθαι
733 2777 791 2834 pro
803 2758 1055 2818 Chamaeleontis
1068 2759 1248 2819 coniectura
1260 2761 1406 2848 habenda

176 2877 245 2918 esse
274 2860 435 2932 videntum
465 2859 563 2917 altera
591 2861 698 2916 autem
726 2857 818 2916 facile
843 2855 1019 2931 expeditur.
1051 2857 1151 2932 Nam,
1184 2875 1256 2917 cum
1284 2859 1317 2916 in
1347 2859 1407 2917 hac

175 2957 307 3016 lectione
329 2958 411 3015 Plut.
436 2974 509 3015 cum
530 2956 556 3013 A
578 2955 754 3031 conspiret,
781 2955 1055 3014 Chamaeleontem
1071 2956 1274 3015 traditionem
1292 2956 1313 3015 S
1329 2957 1406 3015 inte·

177 3073 266 3129 gram
301 3071 510 3114 conservasse
544 3054 804 3113 constituendum
837 3056 901 3129 est,
940 3054 1148 3112 Plutarchum
1178 3059 1302 3131 autem,
1334 3073 1405 3114 carm

176 3153 361 3212 assonantia
384 3152 554 3211 verborum
577 3149 710 3231 ἐμήδετο
732 3156 761 3212 et
784 3148 912 3230 Μήδοις
932 3152 1157 3226 delectaretur,
1187 3170 1246 3227 pro
1269 3149 1407 3229 Πέρσαις

179 3246 228 3325 (S)
251 3267 292 3308 ex
313 3250 340 3307 A
361 3250 543 3324 reposuisse
565 3246 702 3329 Μήδοις.
777 3299 779 3302 .
1339 3259 1341 3262 ’

84 3342 87 3348 ’
215 3348 332 3406 Forma
363 3346 385 3406 S
413 3365 452 3406 ex
473 3348 576 3407 forma
597 3349 622 3406 A
645 3350 720 3407 nata
742 3365 846 3422 neque
866 3348 954 3423 apud
976 3348 1173 3408 Athenaeum
1196 3363 1300 3424 neque
1320 3350 1407 3423 apud

178 3445 385 3504 Plutarchum
406 3445 530 3521 integra
553 3449 680 3505 servata
702 3447 779 3505 haec
800 3446 898 3522 igitur
919 3446 994 3505 fuit:

672 3540 912 3622 Σιμωνίδου

337 3637 400 3700 οἶδ’
420 3638 499 3718 ὑπὲρ
517 3637 677 3701 Ἑλλάνων
698 3662 728 3701 τε
750 3639 804 3702 καὶ
824 3639 1076 3720 εὐθυμάχων
1097 3641 1248 3721 πολιητᾶν

377 3737 546 3799 ἐστάθεν
568 3737 792 3818 εὐξάμεναι
814 3738 953 3819 Κύπριδι
975 3739 1138 3820 δαιμονίᾳ·

337 3834 375 3896 οὐ
397 3835 458 3914 γάρ
479 3835 681 3917 τοξοφόροιοι
703 3837 877 3918 ἐμήδετο
899 3837 943 3899 δῖ’
963 3837 1132 3918 Ἀφροδίτα

379 3931 557 4013 Πέρσαις
574 3935 734 3998 Ἑλλάνων
756 3935 931 4016 ἀκρόπολιν
952 3935 1171 4016 προδόμεν.

177 4032 267 4091 Nunc
295 4033 425 4092 demum
453 4035 671 4111 interpretatio
694 4037 814 4112 suscipi
835 4041 939 4113 potest
961 4041 1058 4112 atque
1079 4037 1245 4114 inquisitio
1266 4037 1407 4111 institui,

178 4147 254 4189 num
289 4131 360 4190 iure
394 4131 426 4190 in
462 4134 543 4192 trad.
581 4133 602 4194 S
638 4133 713 4193 huic
748 4136 970 4212 epigrammati
1007 4136 1181 4197 Simonidis
1218 4153 1335 4198 nomen
1372 4137 1412 4194 sit

179 4292 338 4302 ᾕ-

209 4407 244 4470 ⁴4)
279 4410 510 4473 interpretationis
528 4412 569 4460 via
586 4412 639 4462 iam
659 4412 724 4461 vidit
741 4413 916 4464 Wilamowitz
935 4413 1081 4477 genuinam
1102 4429 1157 4466 esse
1173 4417 1316 4464 lectionem
1334 4410 1411 4478 ἀγχε-

178 4487 284 4556 μάχων,
314 4496 384 4558 quod
411 4492 553 4557 ‘praestare
580 4498 765 4546 demonstrant
791 4498 902 4560 oppositi
928 4495 1071 4561 τοξοφόροι
1099 4496 1206 4563 Μῆδοι,
1233 4501 1331 4564 quippe
1357 4502 1409 4549 ium

179 4579 334 4640 aequalibus
360 4583 494 4628 certamen
522 4593 578 4630 esse
606 4581 744 4631 videbatur
770 4583 842 4631 inter
867 4585 970 4632 hastam
995 4584 1117 4633 cominus
1140 4589 1167 4632 et
1190 4597 1280 4632 arcum
1306 4584 1411 4632 eminus

180 4668 355 4726 prlguautem;
380 4659 508 4727 ἶθύμαχοι
532 4681 593 4714 vero
617 4672 681 4715 sunt
704 4667 749 4730 qui
773 4671 847 4730 terga
866 4683 917 4716 non
937 4668 1061 4716 vertuut'.
1091 4671 1126 4718 lle
1146 4669 1225 4716 buius
1242 4669 1412 4732 oppositionis

180 4727 278 4797 ratione
295 4749 364 4810 apud
385 4748 545 4798 imitatorem
565 4750 775 4801 Simonideorum
795 4755 1019 4816 epigrammatum
1039 4753 1201 4804 Muasalcam
1220 4755 1252 4804 cf.
1266 4752 1278 4814 ἓ
1291 4753 1339 4803 lat
1353 4770 1410 4817 sqq.

211 4829 245 4893 ⁴⁵)
280 4831 318 4882 Ol.
338 4832 515 4883 Wilamowitz
538 4852 559 4898 p.
579 4836 602 4886 b.

1192 4930 1195 4934 '
1295 4922 1311 4972 5
