3546 5724
414 481 490 565 Gap.
515 479 541 548 1.
1005 477 1043 548 sl

453 675 557 738 Etiam
578 675 618 736 de
638 674 688 736 his
709 675 951 752 quaestionibus
972 675 1004 736 in
1027 676 1125 737 altera
1144 679 1234 752 parte
1251 675 1349 737 huius
1365 673 1633 738 commentationis

412 775 583 851 disputabo
613 791 770 850 speroque
801 793 851 834 me
881 776 925 834 ibi
956 775 1176 835 demonstrare
1203 791 1298 851 posse
1325 774 1543 836 Simonidem
1571 775 1633 854 epi·

411 870 698 950 grammaticum,
733 890 929 947 quamquam
959 873 1188 949 epigrammata
1216 874 1286 933 eius
1314 875 1443 933 nomine
1470 879 1583 934 ornata
1608 875 1633 933 ei

412 971 623 1031 abiudicanda
645 971 709 1030 sint
730 971 841 1045 paucis
862 972 1001 1046 exceptis
1022 973 1146 1048 omnia,
1175 974 1205 1031 et
1227 989 1338 1032 revera
1359 973 1502 1032 extitisse
1523 975 1553 1032 et
1574 974 1633 1032 vim

412 1069 565 1129 adiecisse
584 1069 861 1145 epigrammaticae
882 1086 1013 1144 poeseos
1034 1069 1187 1129 fertilitati
1208 1073 1304 1145 atque
1320 1071 1521 1147 progressui.

453 1165 543 1244 §21.
589 1166 640 1226 Dc
676 1163 832 1226 uirorum
868 1165 1050 1226 doctorum
1085 1164 1224 1227 studiis.
1270 1168 1444 1242 Postquam
1481 1168 1631 1243 exposui,

411 1284 475 1341 quo
506 1266 672 1325 nitendum
703 1265 912 1324 fundamento
945 1267 1041 1340 atque
1072 1282 1155 1339 quae
1185 1265 1327 1324 ineunda
1355 1266 1395 1325 sit
1424 1266 1475 1326 via
1504 1266 1548 1341 ei,
1583 1265 1634 1340 qui

413 1363 628 1424 Simonideam
662 1363 880 1438 quaestionem
915 1362 1115 1423 tractandam
1151 1363 1211 1422 sibi
1246 1367 1373 1440 sumat,
1411 1365 1568 1424 disseram
1598 1365 1635 1423 de

411 1463 543 1522 historia
568 1461 775 1537 quaestionis.

449 1559 675 1637 Junghahn
706 1557 829 1635 (1869),
859 1577 878 1618 a
906 1576 971 1633 quo
999 1558 1254 1618 Simonideorum
1275 1559 1542 1636 epigrammatum
1563 1561 1634 1618 fidei

410 1658 608 1734 originisque
634 1657 873 1732 inquisitionem
903 1654 922 1733 ξ
948 1656 962 1714 1
993 1655 1058 1714 dixi
1084 1656 1205 1730 cepisse
1226 1656 1410 1733 exordium,
1440 1658 1634 1732 quaestionis

338 1815 341 1826 ,
410 1756 594 1814 tractandae
615 1755 768 1814 rationem
788 1757 917 1814 secutus
935 1756 1003 1813 erat
1020 1771 1155 1829 prorsus
1174 1755 1372 1831 negativam,
1397 1758 1433 1815 ut
1450 1757 1483 1814 in
1502 1757 1634 1832 singulis

409 1853 647 1929 epigrammatis
688 1853 939 1928 deprehenderet
980 1851 1096 1911 indicia
1134 1853 1281 1929 singula,
1326 1854 1444 1928 quibus
1482 1854 1634 1914 recentior

410 1954 599 2027 argueretur
632 1951 732 2026 origo.
779 1950 879 2010 Cuius
914 1950 1179 2010 commentatione
1208 1969 1226 2010 e
1256 1951 1416 2028 tenebris,
1453 1952 1486 2011 in
1518 1952 1635 2026 quibus

410 2050 615 2110 scholasticae
630 2049 817 2125 scriptiones
834 2049 935 2108 solent
949 2048 1145 2125 delitescere,
1163 2053 1323 2125 protracta
1339 2050 1480 2109 Kaibel
1496 2045 1633 2126 (lamia)

409 2167 474 2218 uon
492 2150 596 2208 solum
614 2148 750 2224 singulis
765 2148 798 2206 in
815 2147 912 2206 rebus
929 2165 1013 2207 nova
1028 2148 1160 2223 protulit
1176 2150 1382 2224 argumenta,
1407 2148 1464 2206 sed
1479 2148 1635 2222 imprimis

409 2247 436 2304 ei
459 2247 503 2305 rei
524 2263 674 2323 magnam
697 2245 760 2303 vim
782 2262 854 2304 esse
874 2246 1076 2305 tribuendam
1098 2246 1221 2322 docuit,
1251 2247 1337 2320 quod
1358 2247 1458 2305 multa
1479 2245 1635 2322 epigram·

409 2347 493 2402 mata
531 2344 617 2419 apud
655 2343 733 2402 alios
769 2343 943 2402 traduntur
981 2342 1182 2418 Simoniden,
1223 2345 1310 2419 apud
1347 2344 1425 2403 alios
1461 2344 1635 2403 laudantur

409 2458 579 2516 anonyma.
618 2442 785 2500 Praeterea
807 2441 917 2499 Kaibel
937 2440 999 2499 iarn
1021 2441 1187 2516 inquisivit
1208 2442 1241 2500 in
1265 2441 1411 2518 Sylloges
1435 2441 1635 2501 Simonideae

409 2541 542 2598 aetatem
573 2542 670 2614 atque
699 2540 865 2615 originem.
902 2539 1098 2599 Simonidem
1126 2539 1263 2614 denique
1291 2558 1355 2599 non
1384 2541 1635 2617 epigrammatici

408 2636 502 2696 laude
523 2638 664 2697 fructum
685 2655 755 2696 esse
776 2638 862 2712 apud
883 2638 1032 2712 aequales
1054 2637 1288 2714 arbitrabatur,
1320 2638 1376 2696 sed
1397 2639 1466 2697 eius
1491 2637 1635 2715 ‘gloriam

408 2735 482 2794 inde
508 2735 658 2811 fluxisse,
689 2731 775 2809 quod
803 2753 876 2794 eum
904 2734 1161 2794 celebratissimis
1189 2736 1386 2795 carminibus
1414 2753 1470 2794 seu
1496 2733 1636 2814 μελικῶς

408 2833 476 2892 sive
503 2830 672 2911 ε’λεγιακῶς
700 2833 894 2892 Graecorum
922 2835 1032 2893 contra
1061 2834 1176 2892 Persas
1205 2834 1285 2893 bella
1307 2834 1459 2894 cecinisse
1479 2834 1633 2894 sciebant'

409 2929 454 3006 (p.
478 2929 562 3007 460).

448 3029 535 3088 Haeo
563 3029 668 3088 studia
696 3029 746 3088 his
773 3030 903 3088 demum
928 3029 1039 3104 annia,
1071 3046 1135 3103 qua
1157 3047 1216 3104 par
1237 3031 1285 3088 est
1305 3029 1527 3105 observantia,
1558 3034 1636 3090 sunt

407 3128 581 3187 aestimata.
617 3117 750 3203 Bergk
778 3128 862 3186 enim
890 3127 923 3185 in
952 3130 1067 3201 quarta
1097 3128 1268 3186 Poetarum
1289 3128 1477 3203 Lyricorum
1498 3128 1636 3188 editione

409 3224 568 3302 (1878l82)
597 3224 836 3301 epigrammatis
857 3225 936 3299 ipsis
958 3225 1122 3300 praemisit
1143 3226 1358 3300 prooemium,
1389 3227 1422 3285 in
1444 3244 1508 3301 quo
1532 3226 1635 3286 Simo·

407 3324 472 3382 nidi
501 3324 634 3400 gloriam
662 3323 912 3399 epigrammatici
941 3323 1093 3398 principis
1121 3340 1139 3382 a
1169 3323 1310 3382 Kaibelio
1338 3328 1479 3399 ereptam
1501 3325 1636 3384 reddere

406 3423 591 3482 conabatur.
626 3422 729 3496 Atque
758 3438 795 3479 eo
826 3420 950 3480 facilius
982 3421 1089 3496 Bergk
1120 3423 1280 3496 persuasit
1311 3423 1511 3498 hominibuS,
1546 3423 1635 3497 quod

406 3521 493 3580 nullo
525 3520 651 3596 negotio
682 3519 895 3578 demonstrari
922 3521 1045 3594 poterat
1072 3519 1105 3576 in
1133 3520 1258 3579 indiciis
1286 3521 1471 3595 posterioris
1499 3521 1635 3597 originis

405 3619 612 3694 designandis
633 3605 819 3676 manifestos
841 3617 1028 3678 commissos
1048 3616 1150 3676 luisse
1170 3635 1295 3677 errores
1305 3616 1356 3693 51).
1382 3619 1453 3676 Non
1471 3635 1507 3676 ea
1525 3621 1635 3676 autem

405 3718 437 3774 in
460 3734 494 3775 re
510 3733 636 3776 summa
655 3715 786 3775 Kaibelii
804 3716 1077 3775 commentationis
1095 3715 1144 3774 vis
1162 3719 1229 3775 erat
1248 3717 1366 3792 posita,
1392 3717 1477 3791 quod
1496 3716 1636 3792 singulis

405 3813 603 3889 argumentis
631 3813 832 3889 singulorum
858 3814 1124 3889 epigrammatum
1146 3814 1243 3872 iidem
1266 3815 1393 3891 negavit
1416 3831 1520 3888 neque
1541 3832 1577 3873 ea
1600 3815 1634 3872 in

405 3929 454 3987 re,
486 3913 572 3986 quod
602 3911 797 3972 Simonidem
825 3912 942 3971 iniuria
970 3930 1028 3987 pro
1057 3929 1183 3971 summo
1211 3913 1355 3971 habiturn
1383 3929 1454 3971 esse
1475 3913 1635 3988 epigram-

405 4011 518 4069 matico
546 4010 686 4085 censuit,
716 4043 755 4053 -
783 4011 846 4069 iam
874 4011 1025 4086 apparuit
1047 4009 1082 4088 (ᾖ
1105 4008 1157 4085 20)
1181 4011 1259 4070 haec
1280 4011 1468 4070 concludere
1490 4010 1636 4069 Kaibelio

405 4126 469 4167 non
503 4109 631 4168 licuisse
665 4142 723 4184 -,
762 4109 818 4167 sed
852 4108 937 4184 quod
974 4109 1060 4168 viros
1094 4110 1204 4168 doctos
1239 4109 1339 4185 coegit
1373 4141 1413 4150 -
1443 4109 1493 4168 vel
1525 4109 1636 4184 potius

404 4223 516 4283 cogere
543 4207 696 4266 debuerat
717 4207 985 4284 -investigare,
1017 4225 1175 4282 quaenam
1196 4207 1277 4267 fides
1298 4209 1382 4266 esset
1403 4207 1632 4282 traditionum,

403 4322 486 4379 quae
524 4305 616 4364 nobis
654 4304 868 4364 Simonideam
903 4305 1123 4365 auctoritatem
1157 4305 1423 4381 epigrammatum
1458 4306 1632 4364 testantur.

403 4404 506 4479 Atque
540 4405 600 4463 hoc
631 4404 804 4478 Bergidum
836 4421 971 4479 prorsus
1002 4405 1125 4480 eflugit.
1171 4404 1377 4480 Epigramma
1409 4404 1571 4479 quoddam
1607 4405 1635 4462 si

404 4549 562 4557 ———

435 4635 471 4700 tn)
505 4638 532 4687 Ε.
559 4654 583 4701 g.
613 4652 681 4700 quae
711 4636 854 4700 Junglmlm
882 4652 904 4700 p.
932 4636 948 4684 ti
974 4653 1031 4701 sqq.
1058 4637 1219 4700 approbante
1247 4636 1364 4685 llaibelio
1390 4637 1572 4699 disputaverat
1600 4638 1635 4685 ‹le

403 4723 557 4786 pronomine
586 4717 678 4785 οὗτος,
708 4723 776 4786 quod
808 4737 824 4771 a
852 4723 975 4784 genuinis
1000 4723 1198 4785 epigrammatis
1224 4723 1340 4770 alienum
1368 4727 1451 4784 essem
1484 4723 1516 4772 cs.
1544 4723 1634 4786 llergk

403 4819 426 4870 p.
444 4807 493 4857 432
511 4823 567 4874 sqq.
591 4807 680 4858 llaibel
699 4808 805 4870 agnovit
822 4823 937 4858 errorem
957 4807 1034 4857 GGA.
1053 4807 1117 4857 lana
1136 4824 1159 4874 p.
1177 4807 1210 4857 nl
1229 4822 1252 4857 u.
1271 4807 1292 4857 t.
