3546 5724
406 509 482 586 (lap.
507 505 533 571 I.
1000 503 1039 570 20

405 698 573 774 populari,
611 716 684 758 cum
718 699 886 774 optimates
919 701 1091 758 Persarum
1124 699 1220 758 rebus
1252 699 1405 758 faverent.
1450 699 1624 760 Herodotea

404 799 509 855 autem
539 798 680 856 narratio
704 797 743 856 de
764 797 924 856 Thebanis
945 797 1054 857 invitis
1075 815 1093 857 a
1116 796 1254 856 Leonida
1276 798 1406 856 retentis
1427 815 1524 872 quam
1546 801 1624 856 esset

404 895 544 953 absurda
573 897 603 952 et
630 894 700 953 aliis
727 895 865 954 ostendit
893 896 1091 976 argumentis
1119 895 1310 955 Plutarchus
1331 895 1371 954 de
1392 897 1468 955 Her.
1494 897 1566 955 mal.
1590 896 1623 954 31

404 994 499 1066 atque
530 991 567 1050 33
598 995 628 1051 et
659 993 746 1052 hisce
779 991 850 1068 (865
882 990 929 1068 c):
961 990 1040 1069 λέγει
1072 989 1143 1059 τοὺς
1175 989 1338 1072 Θηβαίους
1369 991 1503 1060 ἄκοντας
1534 990 1625 1053 αὐτὸν

404 1092 583 1168 κατασχεῖν,
612 1088 668 1156 οὓς
695 1087 779 1156 εἰκὸς
806 1086 845 1168 ἦν
872 1088 1024 1150 ἀπελάσαι
1051 1088 1104 1150 καί
1131 1087 1348 1168 βουλομένους
1368 1090 1575 1168 παραμένειν,
1602 1090 1628 1150 τί

403 1183 544 1264 μηδίζειν
575 1185 672 1246 αἰτίαν
701 1184 795 1266 εἶχον.
840 1186 922 1248 ὅπου
945 1186 1005 1265 γάρ
1026 1186 1086 1247 οὐκ
1109 1185 1205 1248 ἐδεῖτο
1227 1191 1289 1248 τῶν
1310 1186 1354 1266 μή
1377 1187 1576 1266 προδύμων,
1602 1188 1627 1247 τί

403 1282 560 1363 χρήσιμον
580 1281 619 1362 ἦν
640 1283 854 1364 ἀναμεμῖχθαι
875 1285 1069 1366 μαχομένοις
1091 1285 1286 1364 ἀνθρώπους
1307 1284 1486 1358 ὁπόπτους,·
1507 1283 1546 1345 ού
1569 1284 1625 1362 γάρ

404 1380 443 1460 δή
462 1380 581 1459 φρένας
597 1378 659 1460 εἶχε
676 1381 819 1450 τοιαύτας
836 1381 854 1442 ὁ
872 1386 936 1443 τῶν
954 1381 1163 1461 Σπαρτιατῶν
1180 1382 1324 1460 βασιλεὺς
1342 1382 1396 1444 καὶ
1413 1388 1466 1462 τής
1480 1381 1626 1450 Ἑλλάδος

404 1477 548 1558 ἡγεμών,
583 1478 663 1540 ὥστε
698 1480 846 1558 ’κατέχειν
881 1480 914 1540 έν
949 1479 1085 1560 ὁμήρων
1115 1479 1213 1560 λόγῳ’
1248 1486 1310 1548 τοῖς
1340 1480 1528 1558 τριακοσίοις
1557 1477 1626 1547 τοὺς

403 1577 620 1656 τετρακοσίους
655 1575 726 1637 ὅπλ’
756 1577 884 1656 ἔχοντας
914 1577 967 1638 καὶ
998 1578 1238 1656 προσκειμένων
1268 1578 1452 1656 ἔμπροσθεν
1482 1576 1543 1657 ήδη
1576 1576 1625 1638 καί

403 1673 535 1734 ὅπισύεν
562 1673 629 1752 ἅμα
657 1677 720 1734 τῶν
747 1673 926 1752 πολεμίων·
955 1675 1008 1736 καὶ
1030 1674 1090 1753 γάρ
1112 1675 1140 1736 εἰ
1157 1674 1312 1754 πρότερον
1332 1675 1366 1736 ἒν
1387 1675 1522 1754 ὁμήρων
1542 1674 1626 1753 λόγῳ

402 1771 593 1849 ποιούμενος
610 1768 685 1850 ήγεν
702 1770 832 1842 αὐτούς,
854 1772 887 1832 έν
906 1795 939 1850 γε
957 1778 1019 1840 τοῖς
1036 1772 1176 1853 ε’σχάτοις
1194 1772 1278 1841 εἰκὸς
1296 1771 1335 1853 ήν
1352 1778 1474 1852 καιροῖς
1491 1772 1627 1839 ἐκείνους

403 1891 433 1929 τε
461 1867 607 1929 Λεωνίδα
635 1868 737 1948 μηδὲν
764 1870 989 1948 φροντίσαντας
1017 1869 1232 1949 ἀπαλλαγῆναι
1260 1869 1313 1930 καὶ
1341 1868 1507 1931 Λεωνίδαν
1532 1869 1626 1930 δεῖσαι

403 1966 457 2047 τήν
478 1965 533 2026 ὁπ’
553 1965 683 2027 ἐκείνων
703 1965 823 2045 μᾶλλον
844 1967 863 2046 ι’)
882 1970 945 2027 τῶν
963 1966 1140 2045 βαρβάρων
1159 1966 1327 2029 κύκλωσιν.
1353 1967 1427 2028 ἀνευ
1447 1966 1481 2028 δὲ
1499 1967 1625 2037 τούτων,

402 2069 473 2133 πῶς
504 2064 542 2125 ού
575 2063 693 2143 γελοῖος
726 2064 743 2125 ὁ
775 2063 959 2134 Λεωνίδας,
995 2062 1066 2132 τοὺς
1096 2064 1155 2143 μὲν
1186 2064 1300 2132 ἀλλους
1324 2063 1476 2144 Ἕλληνας
1507 2064 1626 2126 ἀπιέναι

402 2163 556 2234 κελεύων,
585 2162 631 2231 ὡς
659 2161 769 2223 αὐτίκα
796 2160 881 2240 μάλα
907 2161 1153 2242 τεθνηξόμενος,
1185 2160 1346 2242 Θηβαίους
1368 2161 1403 2222 δὲ
1423 2161 1562 2224 κωλύων
1582 2161 1627 2231 ὡς

401 2261 457 2321 ὁπ’
482 2260 579 2322 αὐτοῦ
605 2259 807 2340 φυλάττοιντο
829 2265 891 2327 τοῖς
906 2258 1050 2339 Ἕλλησιν
1072 2259 1287 2340 ἀποθνῄσκειν
1308 2259 1475 2339 μέλλοντος
1482 2282 1493 2333 ,’
1522 2259 1550 2320 εί
1568 2258 1626 2338 γάρ

402 2358 449 2426 ὡς
469 2358 601 2438 άληθῶς
622 2359 654 2419 έν
675 2357 810 2437 ὁμήρων
831 2357 934 2437 λόγῳ,
960 2357 1080 2436 μᾶλλον
1102 2359 1133 2417 δ’
1152 2357 1382 2437 ἀνδραπόδων,
1408 2363 1536 2438 περιῆγε
1557 2356 1628 2424 τοὺς

402 2454 536 2534 ἄνδρας,
564 2456 603 2517 οὐ
631 2456 771 2536 κατέχειν
799 2454 933 2535 ὤφειλεν
958 2455 1072 2524 αὐτοὺς
1092 2455 1169 2534 μετὰ
1192 2460 1255 2517 τῶν
1276 2455 1522 2534 ἀπολουμένων,
1552 2455 1626 2516 ἀλλά

306 2570 311 2578 ’
401 2553 601 2633 παραδοῦναι
622 2558 685 2621 τοῖς
706 2553 831 2615 ἀπιοῦσι
852 2558 915 2614 τῶν
932 2552 1101 2634 Ἑλλήνων.

443 2654 708 2714 Constituendum
742 2671 828 2713 nunc
859 2657 907 2712 est
938 2654 1016 2728 quid
1047 2655 1090 2712 illi
1119 2655 1240 2713 rumori
1270 2655 1335 2713 veri
1366 2653 1478 2712 subsit.
1515 2653 1627 2711 Busolt

404 2751 476 2828 (11¹.
509 2750 580 2829 147)
610 2755 640 2810 et
668 2752 726 2810 Ed.
758 2753 865 2827 Meyer
896 2751 946 2827 (0.
978 2752 1008 2810 d.
1040 2752 1099 2811 Alt.
1131 2752 1192 2810 ΙΙΙ.
1217 2752 1289 2828 ato)
1319 2769 1392 2810 eum
1420 2751 1494 2809 inde
1521 2753 1628 2810 ortum

401 2867 473 2908 esse
508 2851 641 2924 putant,
680 2849 767 2924 quod
803 2850 946 2909 Thebani
981 2851 1072 2908 inviti
1108 2851 1148 2909 ad
1185 2850 1415 2926 Thermopylas
1452 2849 1624 2908 venissent.

402 2947 491 3015 Quae
519 2947 699 3007 coniectura
727 2965 766 3006 ex
789 2948 949 3007 Herodoto
970 2948 1040 3023 ipso
1062 2948 1227 3022 reprobari
1248 2965 1343 3022 posse
1364 2947 1499 3006 videtur.
1536 2947 1627 3006 Gom-

401 3047 620 3104 memorantur
653 3045 738 3103 enim
773 3063 841 3120 cap.
878 3045 937 3104 202
973 3048 1102 3105 nomina
1138 3047 1322 3120 civitatum,
1364 3062 1448 3119 quae
1483 3040 1563 3122 ἦσαν
1598 3042 1629 3101 σί

401 3139 611 3218 ὑπομένοντες
642 3138 694 3201 τὸν
726 3139 870 3221 Πέρσηνε
902 3144 1033 3201 fuerunt
1064 3161 1081 3202 e
1113 3145 1332 3218 Peloponneso
1363 3142 1502 3217 hoplitae
1529 3140 1625 3215 3100,

401 3257 418 3298 e
445 3240 547 3298 media
575 3240 706 3299 Graecia
732 3242 762 3299 et
783 3258 800 3298 e
822 3241 1059 3315 septentrionali
1080 3243 1206 3300 tantum
1227 3259 1245 3299 e
1266 3240 1392 3299 Boeotis
1414 3240 1628 3314 Thespienses

403 3338 459 3396 700
483 3336 567 3413 (200)
591 3340 621 3396 et
643 3339 785 3398 Thebani
806 3338 874 3397 400.
908 3338 1096 3412 Sequuntur
1117 3347 1224 3398 autem
1247 3337 1329 3414 (cap.
1354 3335 1444 3412 203),
1470 3337 1525 3412 qui
1546 3333 1629 3412 πρὸς

401 3434 533 3495 τούτοισι
554 3433 710 3513 ἐπίκλητοι
732 3433 889 3512 ἐγένοντο,
915 3454 995 3510 quos
1014 3439 1224 3495 evocaverant
1244 3437 1355 3496 Graeci
1373 3435 1480 3494 missis
1495 3435 1625 3510 legatis,

401 3535 456 3610 qui
491 3536 532 3592 ad
566 3552 677 3592 eorum
712 3534 835 3592 animos
868 3535 1106 3593 confirmandos
1138 3534 1321 3593 nuntiarent
1354 3534 1492 3607 reliquos
1524 3532 1629 3591 socios

401 3633 513 3693 cotidie
540 3633 697 3708 expectari
726 3649 877 3705 mareque
904 3633 1006 3690 classe
1033 3632 1201 3691 custodiri:
1231 3633 1361 3690 fuerunt
1384 3630 1474 3690 Locri
1495 3631 1629 3704 Opuntii

400 3735 430 3791 et
453 3732 641 3790 Phocenses
670 3731 751 3790 (lum
772 3729 886 3788 deinde
906 3730 1090 3788 Herodotus
1112 3747 1145 3788 se
1166 3731 1206 3788 ad
1228 3731 1325 3788 duces
1346 3729 1511 3788 civitatum
1532 3731 1631 3803 atque

400 3829 557 3905 imprimis
578 3830 618 3888 ad
641 3829 813 3888 Leonidam
833 3830 934 3887 vertat
955 3828 1036 3904 (cap.
1051 3827 1140 3903 204),
1165 3828 1336 3887 lectoribus
1354 3828 1417 3885 iam
1435 3843 1630 3902 persuasum

400 3946 470 3986 esse
498 3945 626 3986 necesse
653 3930 701 3986 est
729 3927 788 3985 has
816 3927 898 3985 duas
926 3930 1036 4002 gentes
1065 3927 1194 3985 Graecis
1222 3943 1314 4000 opem
1339 3926 1422 3984 ferre
1442 3925 1626 4000 dubitasse,

400 4027 520 4084 ceteras
541 4059 581 4067 —
602 4026 684 4083 inter
705 4041 787 4098 quas
809 4024 950 4083 Thebani
973 4027 1049 4082 sunt
1070 4057 1109 4065 —
1131 4042 1189 4082 sua
1209 4026 1322 4098 sponte
1340 4024 1380 4081 ad
1397 4023 1630 4097 Thermopylas

400 4123 610 4181 contendisse.
635 4122 719 4191 Quid
741 4121 872 4180 autem?
897 4123 1069 4196 Postquam
1093 4121 1249 4180 Leonidae
1270 4120 1469 4179 enumeravit
1490 4120 1630 4178 maiores

402 4218 483 4295 (cap.
498 4216 570 4294 204)
590 4219 831 4293 enarravitque,
856 4236 920 4293 quo
938 4236 1014 4277 casu
1032 4205 1171 4294 regnum
1184 4218 1319 4292 adeptus
1335 4220 1419 4277 esset
1438 4216 1519 4293 (cap.
1534 4214 1627 4292 205),

400 4318 492 4392 quasi
521 4316 676 4376 corollarii
704 4316 771 4374 loco
793 4316 880 4374 addit
902 4316 1090 4391 Leonidam,
1122 4334 1195 4374 cum
1216 4316 1257 4374 ad
1279 4315 1508 4390 Thermopylas
1531 4315 1631 4389 profi-

400 4417 584 4490 cisceretur,
619 4414 787 4473 Thebanos
820 4413 880 4472 sibi
912 4414 1142 4488 assumpsisse:
1177 4411 1268 4473 rorida
1301 4411 1335 4472 δὲ
1365 4412 1466 4472 εἵνεκα
1498 4409 1632 4478 τούτους

400 4510 543 4591 σπουδὴν
571 4511 739 4591 ἐποιήσατο
769 4509 932 4590 Λεωνίδης
960 4510 1139 4589 μούνους
1163 4509 1322 4590 Ἑλλήνων
1343 4508 1552 4588 παραλαβεῖν,
1583 4509 1632 4569 ὁτι

400 4609 509 4688 σφέων
529 4608 677 4687 μεγάλως
697 4608 895 4689 κατηγόρητο
915 4606 1073 4688 μηδίζειν·
1095 4607 1270 4686 παρεκάλεε
1291 4605 1339 4668 ὧν
1360 4607 1391 4675 ἒς
1413 4606 1466 4668 τὸν
1485 4606 1632 4686 πόλεμον

399 4705 506 4768 δέλων
531 4706 643 4767 εἰδέναι
666 4707 973 4785 είτεσυμπέμφουσι
994 4707 1051 4767 εἴτε
1071 4706 1125 4767 καὶ
1146 4707 1313 4785 ἀπερέουσι
1334 4706 1369 4767 έκ
1391 4711 1445 4767 τοῦ
1467 4705 1633 4786 ἐμφανέος

400 4803 454 4885 τήν
483 4802 641 4883 Ἑλλήνων
672 4804 865 4884 συμμαχίην.
909 4805 946 4864 oi
977 4802 1018 4865 δέ
1050 4802 1400 4884 ἀλλοφρονέοντες
1431 4805 1629 4883 ἔπεμπον.
