3516 5712
357 505 434 583 Cap.
459 505 527 583 ΠΙ,
553 507 600 568 15.
943 505 1000 568 130

357 697 442 770 scio,
480 712 544 754 nou
575 695 696 756 lactum
726 699 775 756 est
805 695 847 755 ab
877 696 936 771 iia,
971 697 1027 770 qui
1058 697 1228 771 hucusque
1257 697 1317 756 hoc
1348 715 1397 772 ep.
1428 700 1582 758 tractave-

356 797 433 852 runt
452 791 504 870 94).

398 891 568 967 Stropham
591 892 791 951 Pindaricum
814 893 1033 968 Pyth.l.144
1056 910 1126 968 sqq.
1150 893 1288 953 describi
1309 911 1438 954 necesse
1458 898 1521 954 est:

475 987 525 1049 οἷα
546 986 760 1067 Συρακοσίων
780 987 873 1069 ἀρχῷ
894 988 1110 1068 δαμασθέντες
1129 989 1252 1061 πάθον,

396 1089 435 1132 ¹⁴5
475 1086 660 1164 ὠκυπόρων
681 1085 745 1147 ἀπὸ
765 1090 854 1147 ναῶν
875 1085 895 1147 ὅ
914 1109 990 1166 σφιν
1010 1086 1043 1148 ἐν
1063 1085 1171 1166 πόντῳ
1191 1085 1287 1166 βάλεν
1308 1086 1442 1158 ἁλικίαν,

471 1183 623 1245 Ἑλλάδ’
647 1183 825 1255 ἐξέλκων
851 1185 1020 1263 βαρείας
1049 1183 1225 1253 δουλίας.
1266 1185 1400 1264 ἀρέομαι

474 1281 541 1361 πάρ
560 1282 620 1361 μὲν
640 1281 822 1360 Σαλαμῖνος
838 1281 1020 1344 Ἀθαναίων
1040 1282 1132 1362 χάριν

394 1382 435 1428 lu)
473 1379 605 1458 μισθόν,
627 1379 660 1442 ἐν
680 1379 815 1459 Σπάρτᾳ
837 1379 866 1441 δ’
884 1379 966 1458 ἐρέω
987 1380 1051 1458 πρὸ
1073 1378 1279 1458 Κιθαιρῶνος
1299 1381 1420 1460 μάχαν,

474 1482 552 1539 ταῖσι
574 1476 711 1558 Μήδειοι
730 1477 837 1556 κάμον
858 1477 1080 1556 ἀγκυλότοξοι,

474 1575 561 1655 παρά
584 1575 618 1636 δὲ
639 1574 695 1636 τάν
715 1573 852 1654 εὔυδρον
872 1574 971 1636 ἀκτὰν

510 1671 616 1752 Ἱμέρα
637 1672 850 1735 παίδεσσιν
870 1673 972 1751 ὕμνον
994 1671 1261 1752 Δεινομένεος
1282 1673 1430 1745 τελέσαις,

395 1774 434 1817 156
473 1770 539 1832 τὸν
567 1769 748 1841 ἐδέξαντ’
771 1770 853 1850 ἀμφ’
873 1770 985 1850 ἀρετᾷ,

513 1868 675 1948 πολεμίων
696 1868 826 1948 ἀνδρῶν
846 1868 1026 1948 καμόντων.

356 1969 505 2028 Scholion
526 1969 567 2028 ad
588 1986 619 2027 v.
645 1969 702 2028 155
723 1969 813 2028 audit
835 1968 879 2045 (p.
894 1969 953 2030 308
969 1967 1084 2046 Bkh.):
1106 1967 1173 2028 τὸν
1193 1967 1400 2047 ἐδέξαντο]
1424 1987 1507 2028 a...
1524 1969 1576 2028 .b.

354 2067 457 2129 ὅντινα
477 2067 580 2146 ὕμνον
601 2065 747 2136 ἐδέξαντο
768 2066 948 2145 νικήσαντες
966 2063 1039 2133 τοὺς
1056 2063 1308 2145 Καρχηδονίους.
1333 2065 1430 2146 φασὶ
1452 2065 1493 2126 δὲ
1514 2064 1580 2126 τὸν

353 2164 507 2228 Γέλωνα
526 2163 611 2232 τοὺς
628 2162 818 2242 ἀδελφοὺς
836 2163 1199 2243 φιλοφρονούμενον
1216 2163 1416 2225 ἀναθεῖναι
1433 2170 1483 2242 τῴ
1500 2163 1580 2243 θεῷ

353 2268 518 2344 χρυσοῦς
539 2261 721 2340 τρίποδας
741 2261 1002 2340 ἐπιγράψαντα
1024 2266 1149 2322 ταῦτα·
1172 2281 1247 2338 seq.
1271 2282 1324 2339 ep.
1344 2264 1399 2322 141
1422 2264 1523 2322 trad.
1541 2264 1576 2321 A.

393 2363 495 2431 Quem
526 2363 688 2420 auctorem
720 2361 773 2418 illo
804 2359 884 2437 φασί
910 2362 1066 2436 respicere
1093 2361 1221 2420 videtur
1250 2359 1453 2420 Scholiasta?
1485 2361 1575 2435 lpse,

353 2479 426 2520 cum
454 2459 643 2518 sententiam
670 2459 756 2516 illam
781 2457 821 2515 de
843 2439 1026 2518 Dinomenis
1048 2460 1188 2518 filiorum
1209 2459 1344 2518 donario
1364 2459 1473 2518 scholii
1496 2458 1579 2533 parti

353 2559 451 2633 priori
486 2559 687 2630 annecteret,
725 2556 844 2629 aliquid
879 2561 1035 2616 annotare
1069 2557 1209 2616 voluisse
1242 2558 1370 2617 videtur
1404 2558 1444 2616 de
1477 2544 1512 2614 re
1546 2557 1577 2614 in

352 2672 462 2731 pugna
491 2655 660 2712 Himeraea
688 2671 706 2712 a
733 2651 875 2714 παίδεσσι
904 2653 1107 2732 Δεινομένεος
1135 2687 1174 2696 -
1201 2655 1234 2712 in
1260 2654 1460 2730 praecedenti
1482 2671 1576 2712 versu

352 2752 518 2811 celebratis
541 2734 588 2792 '-
620 2751 783 2827 praeclare
813 2755 913 2828 gesta.
956 2753 1139 2812 Sententiae
1169 2770 1245 2812 vero
1275 2753 1397 2812 auctori
1427 2752 1489 2827 ipsi
1519 2753 1577 2810 hoc

352 2850 552 2925 propositum
573 2850 674 2908 luisse
695 2849 835 2925 videtur,
866 2853 902 2908 ut
923 2851 1129 2926 inscriptione
1152 2849 1407 2927 (epigrammate)
1430 2853 1577 2926 argueret

353 2946 397 3023 (v.
432 2948 450 3006 3
486 2966 553 3022 sq‚:
589 2945 709 3026 πολλὴν
745 2945 779 3007 δὲ
813 2952 986 3028 παρασχεῖν
1021 2947 1192 3029 σύμμαχον
1221 2945 1405 3024 Ἕλλησιν
1439 2946 1517 3026 χεῖρ’
1547 2946 1577 3013 ἐς

351 3043 626 3124 ἐλευθερίην),
668 3049 826 3121 quantum
864 3047 941 3106 Gelo
979 3046 1298 3123 Carthaginiensibus
1336 3046 1377 3105 ad
1413 3047 1576 3104 Himeram

351 3143 482 3203 devictis
517 3144 667 3204 Graeciae
701 3145 838 3204 libertati
873 3145 1056 3220 profuisset.
1101 3145 1208 3204 Talem
1240 3146 1347 3204 autem
1378 3144 1576 3204 animadver-

351 3243 471 3301 sionem
501 3260 564 3301 non
593 3242 633 3301 ad
661 3244 748 3302 hunc
773 3261 904 3302 versum
925 3244 1157 3318 expectaveriS,
1189 3244 1245 3302 sed
1266 3244 1307 3302 ad
1329 3260 1459 3301 versum
1480 3243 1576 3300 huius

351 3342 502 3416 strophae
543 3340 621 3398 147:
659 3337 782 3400 Ἑλλάδ’
822 3338 961 3409 ἐξέλκων
1000 3339 1129 3417 βαρείας
1167 3339 1303 3406 δουλίας.
1348 3341 1576 3399 Examinemus

349 3439 464 3514 igitur,
499 3439 585 3512 quod
617 3438 657 3496 ad
688 3439 778 3496 illum
808 3438 913 3496 locum
945 3442 1047 3513 extat,
1082 3439 1224 3497 scholion
1254 3438 1406 3515 (hominis
1433 3438 1574 3496 omnium

350 3536 560 3611 stupidissimi
596 3535 811 3594 additamenta
846 3536 879 3593 in
912 3535 1001 3594 initio
1031 3539 1061 3595 et
1092 3537 1124 3595 in
1157 3537 1222 3595 line
1253 3536 1400 3595 cancellis
1431 3534 1574 3610 inclusi):

352 3631 449 3711 [εἰκός
478 3631 512 3692 δὲ
539 3637 604 3698 ταῖς
628 3630 769 3710 Ἐφόρου
792 3631 938 3709 ἱστορίαις
959 3631 1124 3712 ἐντυχόντα
1146 3631 1200 3694 τὸν
1222 3631 1385 3710 Πίνδαρον
1405 3631 1574 3712 ἕξηκουλο-

349 3729 484 3809 θηκέναι
505 3728 601 3790 αὐτὸν
622 3728 735 3809 αὐταὶ]
759 3729 875 3807 ἱστορεῖ
893 3727 953 3808 γάρ
969 3728 1144 3810 Ἔφορος
1166 3731 1219 3808 (fr.
1239 3731 1312 3806 111,
1337 3730 1434 3789 FHG.
1456 3731 1483 3789 1.
1503 3729 1573 3805 264)

349 3832 505 3897 τοιοῦτον,
534 3826 579 3888 ὅτι
606 3827 931 3906 παρασκευαζομένου
962 3825 1083 3904 Ξέρξου
1108 3827 1161 3888 τὸν
1182 3827 1232 3887 ἐντί
1252 3832 1289 3906 τῇ
1306 3825 1430 3888 Ἑλλάδι
1451 3826 1574 3898 στόλον,

348 3927 493 4004 πρέσβεις
523 3925 758 4004 παραγενέσθαι
785 3924 867 4003 πρὸς
894 3923 1024 3985 Γέλωνα
1053 3925 1107 3986 τὸν
1134 3925 1288 4004 τύραννον
1315 3925 1508 3994 ἱκετεύοντας
1535 3927 1575 3994 εἶς

348 4021 402 4084 τὸν
432 4028 496 4084 τῶν
523 4021 682 4102 Ἑλλήνων
710 4022 863 4102 σύλλογον
890 4022 1008 4083 ἐλθεῖν·
1041 4023 1077 4083 ἐκ
1106 4023 1140 4084 δὲ
1171 4022 1307 4101 Περσῶν
1334 4022 1388 4084 καὶ
1417 4021 1575 4086 Φοινίκων

347 4123 493 4200 πρέσβεις
509 4120 591 4199 πρὸς
606 4119 864 4202 Καρχηδονίους,
884 4121 1138 4200 προστάσσοντας
1153 4120 1199 4188 ὡς
1214 4121 1356 4184 πλεῖστον
1372 4121 1438 4183 δέοι
1453 4122 1573 4184 στόλον·

348 4219 390 4286 εἰς
424 4218 570 4280 Σικελίαν
604 4241 634 4278 τε
668 4217 805 4296 βαδίζειν
840 4217 913 4294 <καὶ
945 4220 1049 4295 uhu>
1084 4219 1403 4298 καταστρεψαμένους
1437 4219 1510 4288 τοὺς
1541 4219 1573 4280 τά

347 4321 411 4378 τῶν
435 4315 594 4396 Ἑλλήνων
622 4321 820 4396 φρονοῦντας
847 4315 933 4377 πλεῖν
960 4315 1009 4376 ἐπὶ
1037 4315 1291 4397 Πελοπόννησον.
1326 4317 1521 4397 ἀμφοτέρων
1541 4317 1574 4378 δὲ

347 4413 401 4475 τὸν
431 4413 527 4492 λόγον
557 4413 823 4492 ὑποδεξαμένων,
854 4413 908 4475 καὶ
938 4418 992 4474 τοῦ
1024 4413 1083 4491 μὲν
1107 4411 1252 4491 Ἱέρωνος
1280 4421 1486 4496 συμμαχῆσαι
1514 4421 1574 4484 τοῖς

235 4502 237 4506 ’
342 4511 467 4591 Ἕλλησι
494 4512 785 4591 προθυμουμένου,
813 4516 877 4573 τῶν
903 4511 937 4572 δὲ
960 4510 1193 4591 Καρχηδονίων
1214 4513 1349 4591 ἐτοιμων
1366 4513 1474 4576 ὄντων
1495 4538 1573 4594 συμ·

379 4736 415 4800 94)
450 4739 495 4787 His
510 4739 587 4788 annis
602 4740 633 4788 ad
651 4741 699 4789 hoc
712 4753 750 4802 ep.
764 4745 932 4789 accesserunt
945 4740 1052 4802 Preger,
1070 4739 1215 4800 Hauvette,
1231 4739 1423 4802 Wilamowitz,
1442 4741 1572 4802 Heraclia,

346 4823 393 4874 Th.
412 4823 527 4874 Reinach
546 4822 589 4885 (ci.
608 4822 620 4886 5
638 4823 672 4886 2).
