3546 5724
235 668 323 736 Quae
344 671 453 743 aperta
474 669 578 728 fronte
599 670 746 744 pugnant
768 687 839 728 cum
862 670 915 744 iis,
940 687 1022 743 quae
1043 687 1082 728 ex
1103 671 1267 744 copiarum
1288 675 1460 746 conspectu

234 766 417 826 deducenda
432 783 502 826 esse
516 767 665 826 vidimus
692 768 919 841 Luculentum,
944 768 1071 842 opinor,
1097 770 1144 826 est
1160 768 1246 841 apud
1262 769 1458 827 Herodotum

234 863 315 923 duas
345 863 487 922 exhiberi
518 864 704 923 traditiones
736 865 895 935 diversas;
929 881 1065 938 quarum
1099 864 1197 922 altera
1228 882 1264 922 ea
1296 865 1335 922 de
1363 883 1460 924 causa

234 962 408 1037 excogitata
436 979 507 1020 esse
533 962 672 1037 videtur,
704 965 739 1021 ut
760 964 833 1037 apte
854 962 1032 1036 Thebanis,
1064 979 1135 1020 oum
1158 979 1192 1020 se
1214 963 1280 1037 regi
1302 962 1461 1021 dedidisse

233 1059 427 1133 dicerentur,
459 1059 560 1118 subici
587 1064 718 1135 possent
739 1061 816 1118 haee
837 1061 949 1119 verba:
979 1057 1026 1125 ὡς
1048 1058 1103 1118 ὑπ’
1122 1057 1295 1137 ἀναγκαίης
1316 1057 1461 1138 ἐχόμενοι

233 1154 265 1222 ἒς
296 1152 506 1233 Θερμοπύλας
538 1156 701 1217 ἀπικοίατο
734 1156 816 1233 (cap.
851 1157 935 1233 2:33).
971 1159 1047 1216 Mihi
1070 1158 1157 1216 nulla
1178 1161 1264 1216 extat
1285 1158 1457 1233 dubitatio,

233 1254 311 1328 quin
343 1255 430 1329 prior
461 1255 588 1315 traditio
622 1274 706 1329 vera·
727 1257 777 1314 sit.
814 1257 848 1315 Si
880 1257 930 1315 eui
963 1259 1068 1314 tamen
1100 1273 1209 1314 errare
1241 1256 1350 1314 videar
1378 1256 1460 1314 duas

233 1353 417 1411 traditiones
438 1354 524 1428 apud
548 1354 744 1413 Herodotum
767 1355 879 1413 adesse
901 1357 1007 1428 ratuS,
1032 1355 1059 1412 ei
1078 1354 1284 1412 nihilominus
1303 1353 1459 1412 reicienda

232 1450 291 1507 erit
313 1451 454 1509 narratio
475 1451 515 1509 de
536 1452 696 1510 Thebanis
718 1453 826 1511 invitis
849 1453 1019 1511 Leonidam
1043 1452 1174 1510 secutis:
1197 1451 1283 1526 quod
1305 1451 1332 1509 si
1349 1468 1460 1510 revera

232 1548 352 1607 factum
380 1552 479 1624 esset,
511 1550 619 1608 tabula
649 1568 825 1625 numquam
851 1555 935 1609 esset
956 1553 1030 1609 nata
1052 1568 1106 1609 eos
1128 1547 1166 1609 in
1186 1566 1322 1609 sunctae
1343 1566 1460 1608 rerum

233 1643 433 1706 discrimine
453 1647 580 1706 obsides
601 1666 672 1707 esse
694 1651 832 1706 retentos
844 1648 896 1724 27).

272 1743 389 1801 Verum
411 1744 611 1818 perspexisse
634 1745 709 1803 mibi
732 1746 882 1804 videntur
904 1746 1000 1804 Grcte
1021 1745 1065 1803 l.l.
1091 1763 1121 1803 n.
1146 1744 1164 1802 2
1186 1746 1216 1802 et
1239 1745 1328 1818 Bury
1350 1762 1380 1819 p.
1405 1744 1458 1803 99:

233 1857 296 1898 non
325 1841 356 1899 id
385 1841 628 1901 fundamentum
658 1860 729 1901 csse
758 1843 951 1902 narrationis
980 1843 1148 1902 Thebanos
1179 1839 1305 1901 inuitos
1325 1858 1459 1900 remoa-

232 1934 331 2012 8t'ssc,
363 1939 448 2012 quod
477 1935 580 1997 invia·
609 1940 779 1998 Leonidam
809 1940 907 1998 secuti
936 1942 1058 2014 essent,
1090 1939 1146 1998 sed
1174 1940 1259 2013 quod
1288 1942 1359 2013 post
1381 1942 1459 1998 eete-

233 2053 340 2094 rarum
374 2037 515 2112 gentium
548 2036 725 2095 discessum
756 2035 1011 2096 remansissent.
1057 2038 1239 2111 Numquam
1271 2038 1355 2096 enim
1386 2055 1459 2096 eum

232 2134 374 2193 Thebani
411 2152 496 2193 anno
534 2134 713 2208 insequenti
750 2137 923 2194 Persarum
959 2136 1104 2194 faverent
1140 2135 1305 2210 partibus,
1347 2136 1459 2194 Graeci

232 2232 412 2290 calumniati
441 2236 563 2306 essent,
595 2233 681 2307 quod
710 2233 754 2290 illi
782 2233 903 2307 patriae
925 2233 1103 2308 proditores
1124 2233 1186 2291 iam
1209 2233 1241 2290 in
1264 2233 1458 2308 Thermopy-

231 2329 327 2388 lensis
355 2347 483 2405 pugnae
512 2347 638 2388 summo
666 2330 848 2389 discrimine
877 2329 987 2390 coacti
1013 2331 1259 2405 remansissent,
1291 2330 1352 2388 nisi
1373 2333 1459 2389 certo

232 2427 348 2484 certius
376 2428 569 2486 constitisset
598 2445 652 2486 eos
682 2446 792 2486 revera
821 2429 993 2486 Leonidam
1020 2429 1165 2487 deserere
1187 2427 1337 2486 noluisse.
1373 2429 1459 2502 Ergo

232 2523 457 2600 quadringenti
475 2526 617 2584 Thebani
639 2526 748 2584 eadem
770 2526 867 2584 animi
887 2526 1072 2584 tortitudine
1090 2526 1306 2584 imminentem
1325 2534 1458 2584 mortem

232 2623 414 2695 expectasse
435 2623 584 2681 censendi
607 2627 683 2682 sunt
705 2627 800 2698 atque
821 2623 1000 2699 Spartiatae
1018 2623 1149 2682 trecenti
1168 2625 1198 2681 et
1216 2623 1343 2698 ducenti
1363 2623 1458 2680 Thes·

231 2719 367 2794 pienses.
409 2721 492 2778 Num
516 2721 685 2779 verisimile
706 2723 754 2778 est
776 2721 854 2779 tales
877 2721 963 2779 viros
985 2720 1087 2779 media
1109 2720 1141 2777 in
1164 2738 1273 2795 pugna
1295 2737 1329 2778 se
1352 2721 1458 2778 Persis
1515 2791 1519 2802 .

231 2817 394 2876 dedituros
423 2817 548 2877 fuisse?
581 2819 651 2877 Non
678 2818 835 2877 dubitavit
861 2818 973 2892 Grote,
1005 2818 1082 2889 quin
1105 2818 1165 2876 hac
1186 2818 1218 2876 in
1242 2818 1459 2877 reHerodoto

231 2913 325 2972 iidem
347 2913 538 2990 haberet‘28).
566 2915 628 2974 Sed
649 2914 789 2990 Buryfa)
811 2918 894 2974 reete
913 2916 991 2973 vidit
1011 2916 1225 2973 narrationem
1245 2916 1284 2974 de
1302 2916 1459 2973 deditione

231 3028 330 3084 aeque
361 3029 419 3086 pro
451 3013 609 3071 calumnia
638 3030 708 3071 esse
736 3013 932 3088 habendam,
968 3013 994 3071 si
1023 3029 1089 3072 sua
1115 3014 1238 3089 sponte
1266 3013 1459 3072 remansisse

232 3109 398 3169 Thebanos
412 3110 679 3169 constituendum
701 3113 784 3170 esset
795 3108 847 3186 3⁰).

262 3339 297 3402 27)
333 3342 417 3390 Lade
435 3357 516 3390 carisa
533 3342 651 3404 Ephorea
669 3357 776 3406 quoque
795 3343 875 3405 ratio,
894 3343 1041 3392 secundum
1059 3358 1140 3406 quani
1157 3344 1274 3393 Thebani
1290 3359 1349 3392 carn
1365 3344 1461 3391 ceteris

230 3425 329 3474 abeunt
346 3426 548 3489 Spartiatceque
566 3431 647 3490 atque
665 3426 839 3489 Thespienses
857 3427 904 3476 soll
924 3435 1074 3489 venranent,
1094 3443 1146 3476 non
1161 3428 1294 3490 probanda
1307 3435 1353 3475 est.
1373 3428 1459 3485 Quam

229 3517 386 3572 acceperunt
404 3509 541 3560 Wecklein
560 3512 587 3560 in
606 3513 739 3573 praeclara
756 3512 979 3561 commentatione
997 3494 1076 3561 ‘iiber
1089 3513 1130 3560 die
1141 3511 1277 3561 Tradition
1295 3513 1340 3560 der
1356 3512 1459 3559 Persen
1529 3499 1532 3506 ¹

231 3581 428 3658 lrriege’Sitzb.
453 3595 560 3644 Miinch.
584 3595 632 3643 Alc.
657 3593 723 3643 1876
741 3611 764 3657 p.
783 3593 844 3657 309,
871 3595 935 3645 Mor.
960 3596 1069 3658 Miiller,
1094 3597 1186 3645 Gescb.
1205 3597 1326 3645 Thebans
1345 3611 1393 3644 von
1413 3597 1459 3645 der

229 3679 443 3742 Einwanderivng
460 3680 506 3729 der
524 3679 628 3728 Boioter
646 3679 691 3746 bis⁸
702 3696 748 3728 zur
765 3680 891 3729 Schlacht
909 3680 950 3730 bei
970 3681 1098 3730 Koroneia
1116 3680 1187 3741 (diss,
1205 3682 1293 3743 inaug.
1305 3681 1371 3742 Lips.
1385 3677 1459 3740 1879)

231 3779 253 3826 p.
270 3763 309 3813 lo.

261 3849 296 3909 28)
330 3849 411 3899 Grote
435 3865 458 3912 p.
476 3847 522 3898 Ἧι
547 3845 600 3898 ‘the
618 3848 741 3898 Thebans
759 3850 894 3898 remained
913 3850 947 3912 by
966 3851 1037 3899 their
1054 3865 1113 3898 own
1131 3843 1196 3898 offer
1214 3886 1219 3896 .
1240 3886 1243 3896 .
1264 3885 1269 3895 .
1289 3885 1294 3895 .
1314 3848 1362 3895 but
1382 3848 1457 3896 when

229 3935 274 3984 the
292 3939 412 3984 moment
428 3934 457 3983 oi
471 3936 560 3983 actual
578 3935 651 3982 crisis
669 3935 785 3997 arrived,
803 3935 874 3983 their
892 3949 1006 3998 courage
1025 3939 1072 3983 not
1089 3935 1214 3997 standing
1231 3948 1258 3982 so
1278 3932 1335 3981 firm
1356 3947 1384 3980 as
1400 3932 1460 3980 that

229 4019 257 4068 oi
273 4021 316 4069 tlre
334 4019 462 4082 Spartans
479 4019 529 4067 and
549 4017 707 4082 Thespians,
730 4021 794 4083 they
813 4020 997 4070 endeavoured
1016 4024 1043 4067 to
1061 4034 1122 4068 save
1143 4020 1212 4067 their
1230 4019 1294 4067 lives
1313 4018 1347 4080 by
1367 4017 1460 4079 taking

229 4106 309 4154 credit
327 4106 367 4154 ior
387 4105 512 4168 medism,
531 4105 581 4153 and
601 4104 757 4167 pretending
774 4109 801 4153 to
821 4107 886 4154 have
904 4105 971 4154 been
990 4104 1100 4167 lorcibly
1119 4104 1241 4152 detained
1262 4103 1295 4166 by
1312 4101 1456 4151 Leonidas'.

231 4187 311 4238 Reicit
328 4195 419 4238 autem
438 4187 504 4250 p.95
522 4189 701 4237 narrationem
720 4189 752 4236 de
770 4189 903 4252 stigmatis
921 4190 1030 4238 inustis:
1049 4187 1097 4238 ‘we
1111 4203 1172 4252 may
1188 4188 1340 4250 reasonably
1355 4188 1460 4236 dismiss

229 4273 273 4322 the
296 4281 368 4337 story
393 4274 422 4322 ot
445 4274 497 4322 this
520 4273 699 4336 ignominious
723 4273 868 4336 branding,
892 4290 920 4323 as
944 4291 979 4325 an
1002 4274 1137 4322 invention
1159 4274 1187 4322 ol
1204 4275 1263 4323 that
1280 4278 1372 4335 strong
1388 4273 1459 4322 anti·

229 4357 333 4406 Thebon
352 4359 451 4422 feeling
469 4357 556 4407 which
575 4358 705 4420 prevailed
724 4358 751 4406 in
770 4356 868 4406 Greece
887 4359 956 4407 atter
973 4359 1019 4406 the
1038 4359 1142 4420 repulse
1160 4358 1190 4406 ol
1206 4358 1320 4407 Xerxes’.

260 4440 295 4503 ²9)
330 4443 401 4507 Bury
429 4457 452 4505 p.
470 4440 532 4491 100:
559 4438 590 4491 ‘if
614 4459 652 4492 we
679 4449 770 4505 accept
796 4443 842 4491 the
869 4443 1014 4505 desertion,
1042 4444 1103 4506 why
1128 4443 1222 4491 should
1247 4458 1286 4490 we
1311 4443 1391 4506 reject
1414 4442 1460 4490 the

230 4525 374 4590 brandiagl
401 4565 407 4576 .
427 4564 432 4575 .
452 4564 457 4576 .
477 4565 482 4576 .
508 4542 546 4576 we
570 4533 667 4576 cannot
690 4528 765 4576 avoid
788 4528 930 4592 regarding
949 4529 992 4577 the
1010 4529 1093 4576 wlvole
1111 4529 1163 4576 tale
1181 4543 1210 4577 as
1228 4543 1261 4576 arv
1280 4527 1415 4576 invention
1434 4527 1463 4575 ot

229 4607 334 4675 “strong
356 4611 537 4662 anti-Theben
563 4612 676 4675 feeling''
701 4638 733 4646 —-
758 4627 773 4660 a
798 4616 851 4660 tale
874 4613 929 4660 told
956 4613 1020 4662 with
1044 4613 1152 4676 spitelul
1176 4615 1295 4675 ploasure
1314 4619 1341 4661 at
1359 4613 1461 4661 Athens

230 4697 291 4759 and,
309 4696 461 4760 doubtless,
480 4702 506 4745 at
525 4697 619 4760 Sparta
637 4698 696 4746 too'.

259 4778 294 4841 ²³⁰)
328 4781 392 4831 Mire
412 4797 467 4831 rem
487 4784 623 4844 proposuit
641 4782 785 4844 Hauvettc,
803 4781 958 4846 ‘Herodote,
977 4782 1103 4831 historica
1123 4781 1169 4829 des
1188 4797 1295 4845 guerras
1315 4781 1452 4843 reddiques
