3516 5712
762 506 799 565 73
1300 504 1319 584 p
1342 507 1391 565 ar.

167 693 277 752 onican
307 696 403 767 atque
429 692 598 768 Iphicratis
620 693 659 752 de
680 710 714 752 se
735 693 805 768 ipso
826 693 946 751 dictum
968 695 998 752 ct
1019 693 1203 768 diligentius
1224 692 1395 752 indicasset

166 793 197 849 et
217 791 323 850 fusius
346 791 555 850 exhibuisset:
579 788 656 850 ὅθεν
677 787 730 850 καὶ
751 787 789 850 τὸ
811 788 1031 868 ἐπίγραμμα
1053 795 1103 868 τῴ
1120 787 1393 868 Ὀλυμπιονίκῃ

166 886 300 965 ’πρόσθε
330 935 336 948 .
363 934 369 947 .
396 934 402 946 .
430 934 435 946 .
467 892 612 968 τραχεῖαν
643 887 775 966 [quibus
797 907 884 948 nunc
905 889 1069 948 adduntur
1091 887 1223 966 cetera:]
1254 884 1394 958 doctior,

166 985 259 1064 ἰχθῦς
287 985 321 1056 ἒξ
342 984 477 1064 Ἄργους
505 986 547 1053 εἰς
577 983 691 1064 Τεγέαν
720 984 854 1066 ἔφερον’.
891 984 945 1046 καὶ
973 985 991 1046 ὁ
1015 983 1245 1065 Ἰφικράτης
1273 983 1395 1045 αὑτὸν

166 1083 181 1142 ἕ
188 1083 345 1162 νεκωμί
350 1083 397 1155 αζ
404 1106 419 1144 ε
439 1082 568 1162 λέγων
590 1083 633 1155 ίἐξ
654 1080 701 1146 ὧν
719 1083 841 1164 ὑπῆρξε
859 1081 962 1144 ταῦτα’
984 1082 1080 1161 [quae
1097 1085 1303 1144 conterantur
1321 1102 1394 1143 cum

165 1183 408 1242 obscurioribus
429 1181 473 1252 ίἒξ
494 1181 572 1243 οἴων
593 1181 635 1250 εἰς
656 1179 748 1260 οἶαἼ..
766 1184 948 1244 Aristoteles
970 1183 1068 1258 igitur
1088 1183 1235 1242 liberiore
1257 1182 1394 1258 genetivi

166 1297 261 1340 casus
294 1299 357 1340 usu
385 1282 562 1356 exprimere
591 1282 729 1341 voluisse
761 1282 887 1340 videtur
915 1281 1129 1341 condicionem
1159 1271 1394 1355 quodammodo

166 1379 300 1438 similem
321 1383 430 1439 extare
450 1381 533 1439 inter
554 1379 763 1456 Iphicratem,
797 1379 1055 1456 olympionicen,
1083 1379 1276 1439 Simonidem
1299 1380 1395 1453 atque

166 1478 263 1537 verba
286 1478 442 1553 cuiusque
462 1479 567 1537 allata.
596 1479 710 1553 ltaque
730 1477 973 1542 auctoribus
995 1479 1042 1536 uti
1065 1478 1180 1553 voluit,
1205 1477 1291 1553 apud
1312 1494 1394 1552 quos

166 1576 347 1651 exemplum
385 1576 513 1652 regulae
548 1577 723 1636 rhetoricae
758 1576 935 1649 invenitur;
968 1593 1041 1635 cum
1069 1575 1167 1634 unius
1198 1577 1323 1634 tantum
1355 1593 1394 1633 ex

165 1673 241 1733 locis
274 1674 428 1750 laudatis,
464 1675 650 1750 Iphicratei,
685 1675 796 1734 auctor
827 1674 854 1732 ei
883 1676 966 1734 esset
993 1677 1136 1750 praest0,
1171 1674 1240 1749 ipse
1267 1673 1395 1747 utrique

167 1769 415 1850 epigrammati
438 1805 478 1813 —
504 1772 654 1831 nimirum
678 1773 747 1832 sine
768 1774 897 1832 auctore
917 1772 1033 1831 tradito
1055 1773 1276 1831 -auctorem
1298 1789 1393 1846 appo·

166 1870 238 1929 suit.
284 1872 404 1929 Versus
439 1867 478 1930 irc
509 1870 751 1947 Olympionicae
782 1888 819 1929 eo
850 1870 974 1929 facilius
1006 1869 1249 1946 Olympionicae
1280 1885 1394 1928 versus

168 1969 273 2028 vocari
286 1971 427 2044 poterat,
452 1968 538 2043 quod
553 1968 621 2042 ipse
639 1985 656 2027 a
675 1970 766 2043 poeta
783 1969 919 2042 loquens
937 1967 1149 2028 inducebatur
1168 1964 1323 2046 (ἔφερον)
1336 1964 1392 2042 ⁴9);

166 2067 362 2142 epigramma
397 2069 503 2125 autem
535 2065 724 2143 sepulcrale
754 2065 792 2126 in
823 2065 1054 2142 Archedicum,
1092 2083 1165 2126 cum
1197 2065 1393 2141 epigramma

166 2164 362 2224 Archedicac
387 2164 448 2224 dici
476 2182 541 2224 non
570 2167 693 2240 posset,
725 2165 793 2223 sive
820 2165 859 2222 de
888 2165 1068 2224 coniectura
1096 2165 1164 2223 sive
1188 2164 1274 2238 quod
1296 2163 1393 2238 vulgo

167 2261 248 2321 Ceus
277 2261 430 2337 epitaphii
459 2263 595 2338 Hippiae
619 2263 703 2321 filiae
724 2265 815 2338 poeta
837 2262 1040 2338 credebatur,
1072 2258 1267 2322 Simonidis
1287 2263 1393 2320 aucto·

167 2359 257 2418 ritate
278 2361 414 2418 ornavit.
444 2361 524 2420 Cum
546 2361 628 2420 dicto
650 2361 820 2435 Iphicratis
842 2379 1003 2437 versuque
1024 2359 1261 2436 Olympionicae
1281 2376 1338 2434 per
1359 2375 1394 2418 se

167 2458 295 2516 minime
316 2459 493 2533 perspicuis
514 2458 592 2533 quid
615 2459 749 2534 scriptor
773 2459 879 2534 vellet,
904 2460 1034 2519 lectores
1056 2458 1182 2518 efficere
1202 2459 1333 2532 possent
1354 2475 1394 2516 ex
1496 2452 1498 2456 ’

168 2555 272 2614 verbis
301 2556 397 2630 paulo
424 2560 498 2615 ante
528 2557 568 2632 (Ι.
594 2557 620 2615 7.
646 2554 697 2632 32)
727 2557 859 2616 uberius
881 2557 1034 2632 laudatis,
1068 2574 1181 2616 versus
1203 2559 1308 2615 tamen
1330 2556 1392 2631 epi-

167 2654 353 2728 grammatis
382 2654 572 2714 Archedicae
599 2672 656 2729 per
669 2645 712 2713 'se
733 2655 811 2713 satis
832 2655 991 2722 obscurus
1013 2673 1077 2730 qua
1098 2655 1138 2714 de
1158 2671 1255 2713 causa
1277 2654 1393 2712 allatus

166 2754 263 2827 essct,
289 2769 467 2826 numquam
482 2753 727 2828 intellexissent,
753 2753 815 2812 nisi
833 2771 871 2812 ex
890 2754 1075 2830 Thucydide
1092 2753 1130 2828 ii,
1152 2753 1207 2828 qui
1227 2751 1392 2811 rhetoricis

167 2848 279 2908 studiis
311 2850 425 2909 darent
456 2868 602 2925 operam,
637 2854 738 2911 totum
768 2851 966 2927 epigramma
998 2870 1062 2911 non
1091 2852 1259 2927 ignorasse
1287 2866 1392 2910 censc-

167 2947 284 3006 bantur
304 2945 357 3023 5⁰).
456 2983 459 2990 ·

204 3046 396 3121 Exemplum
417 3047 514 3122 igitur
536 3047 691 3107 habemus
713 3048 951 3124 epigrammatis
973 3048 1128 3108 Simonidi
1151 3048 1280 3123 ascripti
1302 3051 1391 3106 extra

169 3143 317 3221 Syllogen
355 3145 579 3206 Simonideam.
621 3147 690 3205 Iam
723 3164 778 3221 per
811 3164 845 3206 se
877 3147 1048 3206 verisimile
1078 3148 1126 3206 est
1148 3163 1390 3221 nonnumquam

166 3242 309 3302 homines
341 3261 413 3302 cum
444 3245 674 3320 epigrammate
705 3245 812 3321 aliquo
839 3247 1059 3305 auctoritatem
1087 3245 1255 3304 clarissimi
1283 3246 1393 3319 poetae

165 3341 379 3400 coniunxisse.
410 3341 462 3401 Sic
490 3359 551 3418 e.g.
583 3343 669 3417 apud
691 3333 809 3404 Nax'ios
838 3361 965 3404 carmen
990 3343 1199 3420 (epigramma
1221 3343 1305 3402 euim
1327 3359 1391 3400 non

165 3436 224 3514 est)
247 3439 280 3497 in
300 3440 470 3499 Democriti
492 3441 667 3500 Naxiorum
692 3441 783 3501 ducis
805 3442 958 3501 honorem
973 3443 1127 3516 scriptum
1143 3459 1201 3516 pro
1219 3440 1391 3500 Simonidis

165 3537 393 3613 epigrammate
422 3538 600 3597 habebatur
630 3537 692 3615 (ep.
725 3537 815 3615 136),
850 3539 936 3614 quod
964 3557 1003 3598 ex
1031 3539 1140 3598 Naxiis
1170 3538 1391 3614 Horographis

166 3636 305 3694 servavit
327 3635 518 3700 Plutarchus
540 3636 570 3694 d.
596 3637 637 3695 H.
662 3655 703 3696 m.
729 3637 787 3697 869
809 3656 826 3696 c
848 3636 901 3712 (cl.
929 3636 948 3716 ᾖ
971 3635 1034 3713 49).
1061 3639 1163 3696 Locus
1185 3637 1392 3696 Aristotcleus

164 3731 260 3808 igitur
282 3733 412 3792 minime
435 3734 607 3793 terminum
633 3735 828 3810 suppeditat,
854 3737 1052 3810 antequem
1078 3735 1167 3810 origo
1192 3734 1392 3794 Simonideae

168 3827 310 3906 Sylloges
339 3832 486 3905 ponenda
515 3832 572 3907 sit,
598 3833 684 3906 quod
706 3833 927 3908 epigrammati
950 3834 1004 3892 111
1031 3832 1202 3893 Simonidis
1224 3831 1391 3890 auctorita·

166 3929 225 3986 tem
252 3928 416 3987 attribuat.
452 3929 555 3988 Immo
587 3930 718 4004 praebet
745 3931 827 3989 idem
856 3933 944 3990 locus
973 3931 1161 4005 terminum,
1188 3931 1271 4006 post
1297 3946 1390 4003 quem

168 4022 293 4101 Sylloge
321 4027 495 4100 composita
523 4045 594 4087 esse
622 4028 764 4103 videtur,
795 4029 871 4103 quia
896 4029 1092 4105 epigramma
1116 4028 1172 4088 163
1194 4043 1393 4102 anonymum

166 4121 273 4198 habet,
301 4124 391 4198 quod
419 4142 458 4183 ex
486 4143 523 4184 eo
550 4127 683 4201 petitum
711 4125 893 4187 Sirnonideo
915 4127 1043 4186 nomine
1064 4126 1218 4187 instruxit
1241 4125 1395 4187 Collector

169 4218 310 4297 Sylloges
338 4221 548 4282 Simonideae.

204 4319 283 4378 Cum
310 4321 495 4380 Aristoteles
517 4323 685 4382 Rhetorica
707 4324 789 4383 circa
812 4341 934 4384 annum
956 4324 1014 4383 335
1037 4323 1269 4398 conscripsisse
1290 4322 1395 4381 videa-

169 4469 323 4478 -....—.

196 4565 230 4629 ⁴⁹)
264 4569 416 4620 Lectionem
434 4567 532 4634 ἔφερε,
550 4587 632 4635 quam
651 4573 809 4622 Eustatbius
827 4576 908 4626 habet
925 4573 969 4635 (cl.
984 4573 1010 4636 ἕξ
1025 4573 1058 4623 22
1074 4582 1101 4625 et
1115 4574 1190 4637 ut),
1209 4577 1393 4639 neglegentiae

168 4651 251 4702 deberi
270 4654 309 4703 vel
329 4655 365 4703 sic
383 4656 589 4706 demonstratur.

197 4733 231 4796 5⁰)
267 4738 380 4788 Rectene
404 4754 438 4788 an
462 4740 558 4790 iniuria
581 4757 642 4791 cum
668 4743 714 4792 hoc
733 4744 924 4806 epigrammate
943 4744 1087 4794 Simonidis
1106 4760 1201 4794 nomen
1221 4746 1391 4795 coniunctum

169 4820 212 4884 sit,
229 4822 255 4870 in
274 4825 358 4872 altera
378 4823 458 4873 huius
476 4827 705 4876 commentationis
724 4833 796 4891 parte
815 4830 976 4879 diiudicandi
993 4833 1034 4877 est
1051 4831 1133 4880 locus.
