3516 5712
738 507 793 570 111
1084 525 1088 534 ⁴
1207 506 1378 587 §er-64.

153 700 220 761 Iovi
243 699 419 761 liberatori
439 699 614 760 dedicatae:
639 695 779 776 (βωμὸς)
802 695 946 776 κοινὴν
968 695 1052 777 ἔχων
1072 696 1270 777 παράκλησιν
1291 697 1333 766 εἴς
1351 721 1382 760 τε

153 797 305 877 ὁμόνοιαν
326 797 379 859 καὶ
399 795 433 858 τὸ
455 802 519 858 τῶν
538 796 716 875 βαρβάρων
737 799 956 875 καταφρονεῖν.
988 797 1194 872 Epigramma
1217 796 1326 874 (idque
1347 798 1380 856 in

153 901 240 957 textu
262 899 304 973 A,
329 899 368 957 ci.
390 916 419 956 v.
441 896 509 975 2(3)
533 895 702 974 ἐλεύθερον
720 893 844 955 Ἑλλάδι
865 892 1024 970 κοινόν,
1048 897 1103 969 qui
1125 897 1213 955 locus
1234 897 1267 954 in
1291 896 1313 956 S
1336 897 1382 956 sic

152 997 338 1072 praebetur:
361 995 384 1056 ἒ.
402 993 446 1055 Ἑ.
468 993 638 1073 κόσμον)
651 993 690 1071 53)
710 994 876 1053 invenerat
894 993 1049 1052 Aristides
1068 996 1154 1070 apud
1173 994 1381 1053 Plutarchum

151 1095 245 1153 Arist.
280 1093 333 1169 19,
365 1112 429 1170 quo
457 1095 545 1153 fonte
574 1093 702 1168 saepius
730 1110 803 1151 eum
832 1109 929 1150 usum
951 1109 1022 1151 esse
1043 1095 1167 1152 constat
1190 1091 1242 1169 (cf.
1269 1093 1381 1151 Busolt

154 1189 209 1250 11¹.
235 1190 319 1268 630).

191 1290 246 1364 At,
282 1289 476 1364 quaesiverit
503 1289 593 1364 quiS,
629 1305 736 1347 nonne
763 1305 812 1362 ep.
838 1287 912 1361 146,
944 1287 1031 1362 quod
1062 1286 1256 1346 Simonidem
1285 1287 1382 1349 αὐτὸν

153 1386 194 1453 εἰς
220 1385 334 1447 ἑαυτὸν
362 1386 542 1446 condidisse
570 1386 724 1445 Aristides
753 1386 910 1460 affirmat,
942 1385 1052 1444 testari
1074 1385 1200 1443 videtur
1222 1388 1380 1447 rhetorem

152 1485 312 1560 cognitam
348 1486 500 1545 habuisse
539 1484 796 1544 Simonideorum
833 1484 1100 1560 epigrammatum
1137 1485 1380 1546 collectionem?

151 1584 220 1642 Non
242 1584 366 1659 opinor.
391 1585 472 1643 Nam
493 1584 525 1642 in
547 1583 717 1659 propatulo
738 1589 786 1641 est
810 1582 984 1642 Simonidis
1006 1582 1226 1641 auctoritatem
1248 1584 1380 1643 ascitam

152 1684 248 1756 atque
275 1681 422 1741 effectam
443 1699 513 1740 esse
534 1699 573 1740 ex
594 1681 730 1740 disticho
752 1681 821 1756 ipso
842 1677 893 1755 54).
928 1680 1038 1753 Neque
1058 1680 1250 1739 documento
1271 1667 1381 1740 afferri

152 1781 254 1854 potest
275 1780 365 1839 locus
387 1780 426 1839 de
447 1781 491 1839 IV
512 1780 589 1838 viris
611 1779 669 1838 215
689 1781 744 1838 D.:
766 1777 865 1838 καίτοι
879 1776 970 1838 τοῦτό
989 1775 1068 1838 ἔστιν
1083 1776 1241 1856 ἐγγυτέρω
1256 1778 1380 1858 θρήνου

151 1875 231 1946 τινὸς
262 1879 282 1957 ἢ
310 1877 467 1957 μέμψεως
495 1876 548 1938 καὶ
576 1880 728 1956 τιμῶντος
754 1874 874 1954 μᾶλλον
903 1873 1143 1952 ἢκακίζοντος,
1174 1874 1283 1955 ὥσπερ
1312 1878 1381 1946 οὓς

151 1973 389 2055 Σιμωνίδης
417 1975 555 2037 εἰώθει
583 1979 700 2054 τιμᾶν
728 1974 767 2034 ἒν
794 1977 878 2040 τοῖς
906 1971 1212 2051 ἐπιγράμμασιν
1232 1974 1289 2050 55),
1325 1979 1380 2051 qui

153 2093 317 2134 recurrere
338 2075 463 2135 videtur
485 2075 525 2134 ad
546 2075 650 2134 locum
672 2073 894 2132 Aristoteleum
914 2072 1004 2131 Rhet.
1027 2071 1053 2130 1.
1077 2071 1105 2130 9.
1127 2071 1163 2130 31
1184 2090 1282 2148 supra
1306 2072 1380 2151 §37

152 2175 339 2248 tractatum,
363 2173 402 2232 cf.
430 2171 448 2250 ξ
472 2173 529 2232 132
549 2170 601 2249 55).

193 2269 284 2348 663.
331 2268 382 2330 De
409 2268 611 2330 condicione
638 2268 729 2329 inter
757 2264 950 2328 Aristidem
972 2265 1113 2345 eiusque
1134 2266 1282 2328 Scholia.
1318 2270 1380 2338 Qui

153 2367 220 2426 fieri
248 2369 404 2444 potnerit,
433 2372 469 2428 ut
494 2369 528 2426 in
552 2368 687 2428 Scholiis
708 2385 779 2443 epp.
794 2367 832 2426 97
856 2365 902 2443 (in
924 2366 1074 2425 omnibus
1096 2366 1202 2441 codd.)
1226 2369 1256 2426 et
1274 2367 1312 2426 90
1334 2366 1380 2446 (in

153 2483 216 2524 uno
237 2466 307 2526 cod.
326 2483 384 2525 nec
401 2464 566 2542 primario)
583 2466 812 2540 praeberentur
826 2464 860 2522 in
875 2481 912 2523 ea
927 2463 1046 2538 forma,
1072 2481 1154 2539 quae
1169 2465 1209 2523 ab
1224 2466 1380 2526 Aristiden

153 2563 280 2623 diversa
308 2566 373 2638 est,
404 2565 495 2624 facile
516 2565 692 2640 expeditur.
727 2564 816 2622 Inter
837 2563 1013 2622 orationem
1035 2563 1074 2621 de
1095 2565 1381 2642 paraphthegmate

153 2665 247 2736 atque
267 2661 395 2721 Scholia
414 2663 594 2722 orationum
607 2663 742 2722 Panath.
760 2663 790 2720 et
808 2662 847 2720 de
862 2662 905 2720 IV
920 2662 999 2720 viris
1015 2679 1055 2720 ne
1069 2662 1236 2721 minimum
1252 2664 1380 2737 quidem

153 2763 236 2819 extat
266 2761 440 2820 vinculum.
475 2762 514 2819 In
543 2761 659 2822 scholis
685 2777 740 2820 eae
765 2762 890 2819 tantum
917 2760 1077 2818 orationes
1105 2761 1167 2836 legi
1187 2762 1382 2836 tractarique

154 2859 313 2935 solebant,
338 2860 456 2934 quibus
478 2861 578 2936 gloria
599 2859 840 2920 Atheniensium
861 2861 916 2917 aut
931 2858 1131 2933 philosophia
1146 2859 1377 2918 illustrabatur.

154 2957 190 3014 lu
210 2958 257 3016 eis
279 2957 357 3015 solis
379 2958 463 3016 vires
485 2958 746 3033 periclitabantur
768 2959 1049 3032 commentatoreS‚
1078 2962 1200 3016 ceterae
1221 2958 1381 3017 orationes

154 3055 277 3113 tantum
307 3072 371 3113 non
393 3073 504 3114 omnes
526 3056 786 3132 neglegebantur.
824 3055 1002 3115 Scholiasta
1022 3055 1203 3114 orationum
1225 3057 1381 3114 Panathe-

155 3152 261 3211 naieae
281 3155 312 3211 et
334 3152 373 3211 de
393 3152 437 3211 IV
459 3153 536 3211 viris
559 3137 672 3212 seriem
694 3153 885 3212 Aristideam
904 3153 1172 3228 epigrammatum
1188 3171 1243 3212 sex
1258 3154 1380 3213 concla-

156 3253 270 3309 matam
300 3268 341 3309 ne
366 3251 455 3309 novit
480 3251 619 3325 quidem.
654 3253 761 3311 Unum
782 3254 908 3310 tantum
930 3251 1127 3327 epigramma
1148 3268 1187 3310 ex
1208 3251 1269 3309 illis
1293 3250 1379 3328 (142)

157 3350 315 3424 cognitum
336 3350 490 3424 habebat,
514 3350 546 3408 id
568 3367 645 3408 vero
664 3367 704 3408 ex
725 3368 771 3408 or.
796 3350 835 3409 de
857 3350 900 3408 IV
921 3350 1013 3423 viris;
1037 3349 1123 3424 quod
1145 3368 1183 3409 ex
1205 3350 1380 3426 Meleagrea

158 3446 277 3507 Corona
302 3447 475 3507 Simonidis
498 3449 686 3509 auctoritate
707 3449 869 3507 instruxit.

598 3636 645 3695 10.
691 3648 932 3695 neronianus.

196 3809 284 3889 §aa
331 3811 382 3873 De
402 3811 598 3900 Meleagrea
619 3812 757 3876 Corona
779 3811 979 3874 Herodiani
999 3814 1102 3874 fonte.
1147 3813 1278 3888 Legitur
1294 3813 1380 3888 apud

158 3909 373 3970 Herodianum
393 3931 426 3970 π.
450 3932 522 3988 μον.
547 3909 608 3981 λεξ.
633 3913 676 3971 ΙΙ.
702 3912 774 3986 950,
800 3911 837 3970 14
860 3913 912 3970 L.:
935 3907 991 3989 ἦν.
1011 3908 1105 3970 οὐδὲν
1120 3909 1208 3989 ῥῆμα
1224 3909 1380 3988 ὁριοιικόν

161 4062 315 4071 *—

187 4157 220 4222 53)
254 4160 291 4209 De
312 4163 401 4208 textus
418 4160 440 4207 A
459 4159 614 4210 difficultate
632 4166 658 4211 et
677 4160 709 4208 de
727 4161 858 4209 Aristidea
876 4160 1026 4223 paraphrasi
1045 4160 1077 4208 ci.
1096 4158 1108 4221 ἓ
1125 4157 1183 4222 137,
1201 4158 1217 4208 3
1234 4165 1261 4210 et
1280 4178 1304 4210 11.
1322 4161 1346 4211 9.

187 4241 220 4305 54)
255 4244 403 4308 Distichon,
428 4245 497 4308 quod
522 4260 555 4294 ne
579 4246 707 4295 Aristides
731 4246 839 4308 quidem
864 4247 1037 4307 epigramma
1058 4260 1115 4294 esse
1132 4245 1208 4304 dicit,
1232 4247 1332 4295 scilicet
1349 4263 1379 4296 ex

156 4343 192 4390 ep.
209 4328 257 4378 117
281 4330 424 4379 formatum
449 4336 504 4394 est,
529 4332 599 4394 quod
619 4332 671 4380 iam
690 4339 761 4380 recte
781 4331 845 4378 ridit
863 4329 955 4379 Kaibel
974 4346 997 4394 p.
1016 4328 1065 4377 154
1083 4328 1126 4389 (ef.
1146 4330 1251 4380 Wilam.
1270 4346 1293 4393 p.
1312 4329 1380 4392 319).

159 4413 236 4477 Bergk
254 4419 348 4463 contra
364 4414 533 4478 ehoregicum
550 4430 589 4478 ep.
608 4416 780 4464 subditiciurn
799 4429 855 4463 esse
875 4415 939 4462 mire
957 4415 1090 4463 iudicarit.

188 4495 220 4559 55)
254 4498 293 4547 Ad
310 4498 381 4547 hune
396 4500 482 4548 locum
497 4500 616 4549 scholion
631 4516 654 4564 p.
665 4497 714 4547 533
731 4500 805 4547 Dind.
822 4515 845 4562 p.
854 4497 900 4548 901
917 4498 957 4547 Fr.
973 4503 1047 4548 extat
1063 4500 1094 4547 de
1110 4497 1252 4547 Simonidis
1266 4501 1381 4563 somnio,

157 4583 221 4644 quod
240 4583 352 4646 excripsi
370 4581 382 4644 ἓ
400 4582 441 4634 58.

187 4664 220 4728 55)
255 4669 308 4717 Hac
334 4667 361 4716 in
388 4669 566 4732 disputatione
590 4684 642 4719 uon
667 4670 761 4732 attuli,
787 4670 856 4732 quod
881 4670 1080 4732 epigrammatis
1102 4668 1152 4717 119
1176 4674 1269 4718 arrctor
1291 4669 1324 4718 de
1347 4670 1380 4718 IV

158 4752 215 4800 viris
230 4752 279 4802 909
298 4754 327 4802 D.
345 4752 483 4804 indefinito
501 4755 655 4816 pronomine
673 4770 711 4807 τις
728 4754 867 4803 indicatur.
891 4753 960 4803 Nam
979 4770 1020 4804 res
1038 4755 1060 4803 si
1078 4755 1114 4803 ita
1133 4754 1227 4817 terret,
1247 4755 1379 4804 rhetorem

158 4838 259 4886 oonsilio
276 4838 445 4901 neglegentia
463 4853 542 4888 usum
560 4853 617 4887 esse
637 4839 770 4901 putaveris
787 4836 831 4899 (cf.
850 4854 875 4888 n.
894 4836 946 4899 17).
