3572 5716
759 504 815 566 190
1186 505 1206 584 a
1231 507 1397 568 105-107.

173 715 211 756 ex
238 697 431 773 argumento
458 712 506 770 ep.
532 692 620 754 XVI.
648 693 666 752 2
696 691 789 770 (Sim.
816 691 886 770 149)
912 693 1060 770 Syllogae
1081 695 1310 756 vindicandum
1330 713 1401 755 esse

176 793 194 872 ξ
225 796 261 854 77
289 794 457 870 apparuit,
488 793 639 868 quoniam
667 809 741 851 cum
769 792 802 850 in
830 793 890 851 hoo
917 793 987 850 tum
1013 793 1046 850 in
1067 809 1116 868 ep.
1138 793 1301 868 deperdito
1324 794 1397 870 166,

173 894 258 968 quod
276 893 513 951 Aristodemum
530 891 713 951 laudavisse
730 890 770 948 ad
789 891 878 948 Nem.
893 888 968 949 VH.
988 891 1002 948 1
1026 889 1175 950 Scholion
1195 892 1399 952 Pindaricum

173 991 285 1065 tradit,
309 990 401 1065 pueri
423 989 592 1064 Aeginetae
612 988 744 1047 victoria
765 988 922 1047 celebrata
944 1005 1014 1047 esse
1036 988 1171 1046 videtur.

212 1089 262 1146 Ex
295 1087 425 1163 Sylloge
457 1086 638 1146 Simoniden
670 1104 734 1144 non
766 1086 935 1160 desumpta
966 1086 1091 1145 Corona
1119 1087 1190 1144 Mel.
1218 1089 1400 1148 continebat

172 1203 242 1260 epp.
264 1183 354 1244 XVI.
376 1185 430 1259 23,
455 1185 493 1243 24
517 1183 610 1260 (Sim
634 1185 707 1259 154,
733 1182 820 1260 156);
843 1184 929 1258 quod
944 1185 1210 1260 epigrammatum
1226 1203 1285 1259 par
1299 1186 1399 1244 eidem

173 1282 280 1342 deberi
301 1283 424 1342 auctori
446 1284 541 1357 atque
561 1281 632 1357 epp.
653 1283 715 1341 ΑΡ.
734 1280 808 1342 VII.
830 1282 886 1357 64,
912 1282 949 1342 65
971 1283 1251 1341 demonstraturus
1273 1301 1345 1342 sum
1367 1285 1399 1342 in
1474 1327 1476 1332 .

173 1381 271 1440 911919
292 1379 391 1438 huius
412 1397 525 1439 comm.
546 1382 636 1455 parte
657 1397 700 1439 sc.
721 1380 888 1455 Antipatro
909 1377 1057 1440 Sidonio
1081 1379 1134 1456 (01.
1158 1378 1177 1458 §
1200 1380 1238 1440 82
1260 1399 1291 1440 11.
1315 1381 1397 1459 163).

174 1479 211 1537 111
233 1479 361 1538 Corona
382 1480 544 1553 praeterea
566 1477 700 1536 affuisse
720 1481 842 1537 certum
864 1478 912 1536 est
932 1495 981 1552 ep.
1002 1475 1091 1536 XVI.
1111 1476 1170 1536 232
1194 1477 1287 1554 (Sim.
1310 1479 1411 1557 133),-

174 1577 290 1652 quippe
321 1576 408 1650 quod
440 1576 597 1651 Meleager
627 1576 696 1650 ipse
728 1575 870 1634 imitatus
901 1591 972 1633 esse
999 1575 1125 1634 videtur
1152 1576 1215 1634 ΑΡ.
1240 1575 1314 1636 VII.
1341 1579 1400 1637 207

176 1673 227 1750 (01.
260 1673 280 1751 ξ
315 1673 370 1733 131
404 1692 436 1732 11.
469 1671 557 1749 168),
591 1674 661 1732 licet
692 1673 849 1732 incertum
881 1673 938 1749 sit,
973 1674 1083 1731 utrum
1118 1673 1336 1740 Simonideum
1368 1677 1400 1735 id

175 1773 331 1847 Meleagro
353 1771 449 1830 fuerit
470 1788 578 1830 neone.

212 1871 400 1929 Tenendum
421 1869 559 1944 denique
578 1870 626 1927 991
647 1868 717 1928 11911
739 1885 849 1944 posse,
881 1872 917 1928 ut
937 1869 1021 1928 inter
1042 1870 1288 1946 epigrammata,
1317 1890 1400 1958 quae

175 1969 308 2028 Planudi
331 1985 404 2027 oum
427 1968 565 2042 Cephala
586 1967 768 2026 communia
790 1969 883 2042 sunt,
908 1967 989 2042 sint,
1013 1985 1096 2042 quae
1112 1969 1163 2027 ille
1181 1986 1245 2027 non
1264 1987 1302 2028 ex
1320 1971 1395 2045 hoc,

175 2066 228 2123 sed
249 2068 335 2124 recta
357 2065 409 2124 via
430 2083 469 2123 ex
491 2065 616 2124 Corona
637 2065 813 2140 Meleagrea
834 2065 995 2139 receperit.

214 2162 233 2241 ἓ
258 2163 325 2222 107.
372 2162 423 2223 De
445 2161 557 2224 t'tult's
578 2161 777 2224 Planudeis.
822 2163 1098 2238 Epigrammatum
1123 2162 1396 2241 Simonideorum,

175 2279 255 2336 quae
276 2263 459 2321 Planudeae
479 2262 687 2337 Anthologiae
708 2279 780 2320 cum
803 2260 947 2319 Palatina
968 2261 1150 2320 communia
1171 2265 1263 2337 sunt,
1294 2263 1399 2322 titulo·

176 2379 245 2420 rum
267 2360 349 2420 ratio
371 2361 566 2435 potestesse
586 2377 740 2435 generum
761 2359 919 2433 quinque:

214 2458 240 2515 1.
286 2457 448 2516 Planudes
469 2475 542 2516 cum
564 2458 708 2516 Palatino
728 2458 895 2516 consentit.

212 2555 240 2614 2.
287 2556 369 2614 (lum
384 2572 432 2630 ep.
447 2556 480 2613 111
494 2556 556 2614 ΑΡ.
572 2557 639 2614 9119
653 2556 744 2614 titulo
759 2555 856 2613 dubio
867 2556 1060 2614 instructum
1073 2555 1141 2614 sive
1152 2556 1226 2614 alibi
1237 2557 1298 2614 9110
1309 2557 1400 2615 1111110

174 2655 322 2713 ornatum
345 2653 402 2728 sit,
427 2653 587 2712 Planudes
609 2655 796 2712 alterutrum
819 2653 945 2712 titulum
969 2653 1098 2728 praebet
1122 2653 1174 2730 (01.
1189 2672 1221 2712 11.
1233 2654 1261 2728 2,
1274 2652 1321 2728 16,
1332 2654 1397 2732 20).

212 2751 240 2810 3.
287 2751 448 2810 Planudes
467 2753 590 2810 nullum
609 2752 756 2827 ascripsit
773 2752 901 2810 titulum
919 2751 1156 2827 epigrammati,
1181 2752 1267 2826 quod
1285 2753 1318 2810 in
1336 2753 1396 2811 ΑΡ.

174 2848 300 2907 titulum
333 2849 439 2908 habet.
481 2850 644 2909 Editiones
674 2851 769 2909 Anth.
802 2849 984 2909 Planudeae
1012 2851 1082 2907 tum
1114 2849 1267 2924 praebere
1297 2851 1400 2909 solent

174 2942 291 3024 ἄδηλον
297 2991 305 3021 ,
332 2946 514 3005 Μ919191109
535 2964 612 3008 1910
633 2948 761 3005 nomine
782 2948 874 3006 vacat
897 2946 949 3023 (01.
964 2965 996 3005 11.
1008 2947 1100 3020 5-9,
1118 2945 1171 3020 38,
1189 2946 1243 3022 39,
1260 2949 1314 3023 44,
1332 2948 1396 3026 45).

174 3043 219 3101 Ab
244 3044 295 3102 his
317 3044 556 3119 epigrammatis
577 3045 804 3121 distinguenda
826 3047 902 3103 sunt
923 3061 976 3119 ea,
1008 3045 1127 3118 quibus
1149 3045 1310 3104 Planudes
1332 3048 1401 3122 ipse

174 3141 321 3216 apposuit
341 3142 469 3201 titulum
491 3141 665 3203 ἀδέσποτον
686 3141 890 3221 1911161101,
918 3159 980 3218 eg.
1002 3160 1033 3200 n.
1056 3143 1090 3218 1,
1117 3141 1169 3217 11,
1196 3141 1318 3219 16153).

210 3239 239 3298 4.
285 3239 451 3299 Palatinus
482 3241 692 3316 Simonidem,
724 3241 885 3300 Planudes
912 3241 1010 3298 alium
1039 3243 1164 3318 poetam
1190 3241 1320 3315 praebet-
1343 3241 1396 3318 (01.

175 3355 204 3396 n.
226 3339 280 3414 14,
307 3339 361 3414 15,
387 3337 438 3414 18)
462 3340 511 3397 191
531 3335 650 3416 ἄδηλον
672 3337 725 3414 (91.
747 3357 779 3397 11.
802 3337 844 3415 1).

211 3439 239 3496 5.
285 3436 446 3496 Planudes
476 3435 630 3495 Simonidi
657 3436 768 3494 tribuit
796 3453 858 3511 ep.,
890 3436 976 3510 quod
1004 3436 1037 3493 in
1068 3437 1167 3504 Palat.
1189 3438 1250 3495 alio
1272 3439 1400 3496 nomine

173 3533 346 3610 insignitur
369 3531 474 3610 (01.11.
496 3532 545 3608 37,
569 3531 633 3609 49).
943 3527 945 3531 ’

211 3633 250 3690 111
268 3632 370 3690 titulis
385 3631 556 3692 Planudeis
575 3634 671 3706 atque
685 3632 838 3691 Palatinis
856 3633 1071 3692 controversis
1089 3634 1149 3691 hoc
1166 3632 1258 3692 nobis
1273 3650 1399 3708 semper

173 3730 390 3802 quaerendum
419 3731 483 3805 991,
514 3730 706 3805 praebeatne
732 3732 893 3790 Planudes
914 3732 1074 3807 integrum
1096 3731 1223 3789 titulum
1246 3730 1398 3805 Cephala-

173 3845 248 3887 num
270 3828 322 3888 vel
343 3829 556 3904 Meleagreum
577 3829 611 3886 in
632 3829 777 3888 Palatino
794 3831 980 3905 corruptum
999 3847 1040 3888 an
1059 3828 1144 3904 apud
1161 3829 1250 3887 illum
1269 3828 1397 3887 demum

173 3926 334 4001 corruptio
351 3927 541 4001 compareat.
565 3927 646 3985 Nam
664 3927 757 3985 etiam
776 3927 1043 4002 epigrammatum
1061 3927 1297 3985 Planudeorum
1315 3927 1398 3985 tituli

173 4023 361 4098 corruptelis
381 4023 510 4082 obnoxii
530 4024 638 4097 erant,
663 4040 735 4081 oum
757 4024 869 4082 iisdem
891 4026 988 4098 atque
1009 4024 1182 4098 Cephalani
1202 4021 1237 4100 (ξ
1257 4022 1310 4100 82)
1329 4027 1396 4084 tum

173 4119 326 4179 Planudis
341 4121 444 4195 ipsius
458 4121 632 4180 erroribus.
654 4122 737 4180 Fieri
752 4122 850 4198 igitur
865 4126 982 4198 potest,
1003 4125 1039 4182 ut
1053 4124 1136 4183 inter
1150 4124 1395 4199 epigrammata,

172 4236 252 4292 quae
273 4219 364 4277 solus
384 4220 510 4279 exhibet
531 4220 708 4295 Planudes,
734 4221 814 4296 sint,
839 4239 922 4296 quae
942 4221 1161 4282 Simonideum
1179 4223 1308 4282 titulum
1326 4226 1398 4298 post

173 4317 367 4393 Meleagrum
388 4318 438 4377 vel
458 4319 537 4378 adeo
558 4322 630 4394 post
652 4320 824 4394 Cephalam
845 4320 975 4379 demum
996 4321 1059 4379 sint
1081 4323 1205 4396 adepta.

204 4563 249 4626 153)
284 4565 460 4616 Stadtmiiller
477 4568 503 4616 in
521 4568 613 4616 tabula
631 4584 689 4631 epp.
707 4569 895 4631 sepulcralium
916 4571 1111 4620 Planudeorum
1130 4571 1164 4630 (ΙΙ
1175 4588 1198 4635 p.
1208 4572 1399 4638 XXXIVsqq.),

173 4665 231 4699 curn
253 4667 313 4714 epp.
337 4652 416 4700 titulo
439 4653 557 4701 carentia
580 4658 639 4702 tum
664 4669 721 4717 epp.
745 4649 876 4703 ἀδέσποτα
901 4655 942 4705 191
966 4651 1051 4718 ἄδηλα
1070 4663 1133 4706 11019
1150 4653 1254 4720 ‘adesp’
1272 4658 1399 4720 signarit3

173 4748 239 4796 quae
265 4737 368 4784 diverso
393 4736 467 4798 signo
493 4737 551 4786 iure
577 4737 735 4786 distinxerat
760 4739 787 4786 in
815 4753 872 4802 epp.
898 4741 1056 4788 eroticorum
1084 4741 1164 4790 Antlr.
1192 4741 1246 4789 Pal.
1272 4747 1300 4789 et
1325 4742 1397 4792 Plan.

173 4819 364 4883 comparatione
381 4819 403 4881 (1
421 4835 445 4882 11.
463 4821 547 4869 lllllll
566 4820 643 4885 sqq.).
