3572 5716
351 493 426 570 cap.
452 491 519 568 111,
544 493 592 552 32.
931 493 989 552 214

349 681 494 739 cominus
528 682 624 755 atque
659 680 774 740 Persas
808 698 886 739 arcu
918 681 1044 739 eminus
1075 684 1257 756 pugnantes
1288 685 1398 740 extare
1429 682 1571 757 videtur,

349 796 446 852 quarn
481 779 513 836 in
549 778 647 836 altero
682 779 910 853 epigrammate
945 778 1196 853 Eurymedontio
1233 778 1416 838 Simonideo
1449 779 1506 838 105
1538 814 1574 821 -

349 876 435 950 quod
464 875 496 933 in
527 875 655 951 Sylloge
683 875 776 934 affuit
805 874 889 951 (VII.
915 875 989 950 258,
1022 875 1061 934 cf.
1089 873 1108 952 ἓ
1137 873 1206 950 101)
1230 909 1268 916 -—
1289 875 1433 935 obtinere
1454 878 1574 936 monuit

350 973 408 1030 Ed.
440 973 548 1048 Meyer
580 973 709 1031 Forsoh.
740 974 773 1031 II
802 990 831 1047 p.
862 973 899 1031 91
929 990 995 1046 sq.:
1025 970 1173 1051 αἰχμηταὶ
1203 1006 1238 1012 -
1268 969 1379 1052 Μῆδοι
1405 971 1575 1053 τοξοφόροι

351 1069 527 1146 (invenitur
547 1071 641 1128 etiam
662 1071 694 1128 in
718 1069 956 1129 Corinthiarum
978 1067 1173 1147 ἱεροδούλων
1194 1087 1243 1144 ep.
1260 1069 1326 1146 137,
1351 1068 1574 1150 ἀγχέμαχοι-

349 1165 536 1246 τοξοφόροι,
566 1168 771 1226 Wilamowitz
801 1167 921 1227 Comm.
951 1186 981 1242 p.
1011 1167 1046 1242 6,
1078 1167 1118 1226 cf.
1150 1166 1169 1244 ᾗ
1198 1167 1236 1226 33
1265 1185 1296 1226 11.
1325 1168 1364 1226 44
1393 1171 1424 1226 et
1447 1167 1467 1246 ἓ
1491 1168 1571 1244 198).

350 1268 388 1325 ln
427 1269 537 1325 nostro
575 1267 659 1325 enim
698 1284 746 1340 ep.
781 1266 888 1324 hostes
924 1267 1037 1324 armati
1073 1268 1150 1324 sunt
1184 1263 1408 1344 τανυγλώχιοιν
1442 1265 1571 1343 ὀιστοῖς,

349 1365 467 1422 mortui
504 1366 630 1438 autem,
673 1381 811 1437 quorum
847 1364 998 1422 memoria
1035 1363 1230 1440 celebratur,
1272 1367 1428 1422 vocantur
1464 1363 1575 1443 ἄνδρες

350 1457 567 1521 ἀκοντοδόκοι.
600 1461 649 1519 llli
676 1461 774 1536 igitur
795 1461 872 1518 sunt
892 1456 1080 1538 τοξοφόροι,
1114 1460 1304 1520 videnturne
1325 1463 1431 1520 autem
1453 1463 1486 1521 hi
1507 1481 1575 1522 esse

353 1559 424 1618 ‘viri
451 1561 566 1634 fortes,
598 1559 653 1633 qui
680 1560 814 1618 telorum
840 1559 922 1616 ictus
944 1558 1084 1633 recipere
1104 1575 1169 1616 non
1191 1557 1361 1635 dubitant',
1392 1563 1429 1619 ut
1450 1563 1571 1638 Bergk,

350 1657 399 1716 vel
421 1657 497 1732 viri,
529 1656 584 1730 qui
605 1673 645 1714 ne
665 1656 768 1714 iaculo
789 1655 947 1714 feriantur
968 1658 1098 1730 cavent,
1130 1658 1165 1714 ut
1187 1657 1292 1733 Etym.
1314 1658 1421 1734 Magn.
1442 1659 1574 1737 explieat

350 1755 539 1814 vocabulum
556 1752 633 1830 lid?
666 1753 835 1813 Insolitum
857 1753 1017 1828 epitheton
1039 1753 1287 1828 intellegendum
1309 1758 1357 1814 est
1378 1758 1413 1814 ut
1434 1756 1574 1834 φαρέτρα

349 1851 494 1928 ἰοδόκος,
525 1871 608 1928 quae
636 1853 769 1928 sagittas
797 1852 952 1928 continet,
984 1852 1098 1910 deinde
1119 1853 1244 1928 sagittis
1265 1853 1421 1912 instructa
1442 1857 1507 1930 est,
1538 1855 1576 1912 de

349 1952 419 2010 viro
441 1952 534 2010 hasta
553 1951 727 2025 instructo,
752 1952 891 2025 armato,
916 1950 1014 2025 igitur
1035 1950 1075 2009 de
1095 1949 1240 2028 αἰχμητῇ.
1277 1952 1518 2028 Peropportune
1537 1971 1576 2011 ex

349 2050 511 2108 Mnasalca
533 2050 585 2108 VI.
607 2049 624 2108 9
647 2048 783 2108 conferri
805 2050 909 2123 potest
930 2048 1090 2122 epitheton
1112 2046 1253 2127 ἰοχέαιρα
1274 2049 1393 2108 Dianae
1410 2050 1575 2124 proprium

349 2148 517 2222 pharetrae
547 2146 735 2206 attributum
770 2143 842 2222 (pro
871 2143 1024 2222 ἰοδόκος).
1061 2147 1148 2222 Ergo
1170 2147 1428 2206 constituendum
1451 2149 1575 2206 videtur

349 2248 509 2303 auctorem
544 2245 774 2319 oppositionem
809 2244 1021 2318 epithetorum
1059 2244 1232 2302 Simonidei
1267 2245 1418 2303 carminis
1452 2245 1485 2302 in
1518 2261 1574 2303 suo

350 2343 481 2401 reddere
503 2343 642 2401 voluisse
662 2343 842 2416 lemmaque
862 2341 933 2400 iure
953 2341 1095 2400 indicare
1115 2359 1164 2416 ep.
1186 2359 1257 2400 esse
1276 2342 1571 2416 Eurymedontium.

390 2441 520 2500 Praeter
550 2442 633 2500 hanc
666 2440 882 2499 Simonideam
909 2439 1116 2498 imitationem
1144 2441 1349 2515 praecipuam
1376 2440 1409 2497 in
1438 2440 1498 2498 hoc
1525 2457 1571 2514 ep.

350 2539 486 2597 aliorum
529 2539 784 2598 Simonideorum
830 2539 1097 2614 epigrammatum
1143 2539 1313 2598 memoriae
1354 2539 1571 2597 inveniuntur.

351 2637 649 2696 Commemorantur
667 2634 778 2714 ἄψυχα
795 2639 934 2714 μνημεῖα
951 2633 1119 2709 θανόντων
1136 2634 1295 2714 ἐμψύχων
1314 2634 1401 2713 (ossa
1419 2637 1575 2696 exanimia

350 2736 550 2792 mortuorum
578 2733 823 2810 animatorum),
854 2734 973 2808 quihus
1001 2737 1092 2809 poeta
1121 2720 1281 2810 significat
1305 2736 1438 2794 heroum
1461 2753 1574 2794 merno-

278 2841 282 2848 '
350 2831 445 2906 riam,
463 2849 659 2907 quamquam
674 2849 808 2906 corpora
823 2833 929 2891 anima
942 2833 1005 2891 sint
1017 2832 1183 2907 destituta,
1202 2850 1267 2891 non
1278 2850 1349 2892 esse
1359 2833 1559 2892 interituram
1565 2850 1573 2905 ;

349 2947 413 3003 qua
449 2931 604 2990 sententia
638 2931 766 3005 respicit
803 2930 1021 2989 Simonideum
1057 2947 1106 3004 ep.
1141 2929 1178 2990 99
1211 2964 1249 2971 -
1280 2931 1365 3004 quod
1397 2931 1575 2990 Mnasalcae

349 3045 478 3102 quoquc
504 3028 647 3103 exemplo
675 3029 776 3086 fuisse
806 3028 944 3086 vidimus
972 3025 1007 3104 (ἕ
1032 3025 1102 3103 195)
1126 3045 1221 3086 suum
1244 3045 1292 3104 cp.
1314 3028 1575 3104 Thermopylensi

349 3127 549 3201 componenti
580 3145 633 3185 -ε
666 3123 742 3186 οὐδὲ
772 3124 898 3186 τεδνᾶσι
930 3122 1089 3192 δανόντες.
1134 3125 1306 3186 Simonidei
1338 3127 1574 3203 epigrammatis

382 3363 429 3427 165)
464 3366 551 3429 Etym.
565 3365 653 3428 Magn.
669 3365 714 3428 50,
733 3365 766 3414 56
783 3362 1030 3428 ἀκαντοδόκος]
1050 3362 1257 3429 δοκιμάζειν
1273 3361 1373 3430 λέγεται
1388 3361 1416 3415 τό
1431 3363 1573 3431 ἐπιτηρεῖν·

349 3445 395 3498 καὶ
419 3445 579 3498 δοκεόειν
602 3444 631 3497 τό
654 3445 732 3509 αὐτό,
756 3446 803 3499 καὶ
827 3447 954 3500 δακεῖν.
979 3446 1025 3499 καί
1043 3446 1095 3499 ἀπὸ
1113 3446 1206 3499 τούτου
1224 3446 1461 3506 ἀκοντοδόκος
1479 3449 1495 3499 δ
1511 3447 1575 3500 ἔπι-

349 3537 475 3598 τηρῶν,
491 3530 607 3598 μήπου
625 3529 774 3596 ἀκοντίῳ
792 3531 916 3598 βληθῇ.
935 3535 989 3585 Vox
1005 3535 1107 3584 novicia
1121 3550 1152 3606 ac
1166 3537 1257 3599 procul
1271 3536 1351 3586 dubio
1366 3532 1437 3594 ἅπαξ
1452 3532 1574 3600 εἰρημένη

349 3620 400 3668 nisi
422 3634 453 3668 ex
477 3623 567 3668 nostro
590 3619 781 3682 epigrammate
805 3621 908 3670 laudari
932 3636 985 3670 non
1007 3621 1100 3684 potuit.
1127 3620 1297 3684 Quamquam
1315 3623 1488 3685 glossatorem
1506 3623 1575 3671 hunc

348 3705 434 3767 ipsum
453 3719 558 3754 versum
576 3707 720 3767 respexisse
735 3721 788 3754 non
804 3720 865 3754 cum
881 3705 992 3768 Bergkio
1008 3706 1164 3768 putaverim.
1184 3706 1251 3754 Eum
1266 3707 1425 3756 adiectivum
1441 3721 1574 3771 perrarum

349 3789 488 3837 offendisse
506 3788 620 3838 arbitror
636 3791 705 3852 apud
721 3790 925 3851 Herodianum,
943 3790 989 3853 qui
1005 3789 1107 3839 Cathol.
1123 3791 1194 3839 Pros.
1210 3791 1229 3838 I.
1245 3789 1308 3853 150,
1326 3789 1360 3839 90
1375 3791 1401 3840 L.
1419 3792 1451 3840 de
1466 3796 1574 3841 accentu

349 3873 487 3922 verborum
506 3873 534 3921 in
552 3889 642 3933 ·οκος,
661 3869 756 3928 -δοκος
772 3873 924 3938 δίεριιῐειίῑΙΙ
943 3873 995 3922 Ηίο
1006 3874 1072 3936 legit
1085 3889 1125 3936 ep.
1136 3874 1165 3922 in
1179 3873 1281 3923 Corona
1293 3872 1494 3939 Meleagrea(cf.
1504 3873 1516 3936 ἓ
1525 3873 1574 3936 ol).

349 3957 432 4006 Nihili
449 3958 530 4020 igitur
547 3963 588 4006 est
605 3959 725 4007 facienda
744 3960 845 4020 glossae
863 3958 1010 4020 explicatio.
1027 3983 1061 3991 -
1079 3957 1180 4006 Hecker
1195 3958 1226 4007 ΙΙ.
1243 3957 1292 4006 999
1309 3964 1390 4021 atque
1403 3958 1575 4008 Stadtmiiller

349 4041 505 4090 vocabulum
530 4043 610 4090 etiam
635 4043 687 4105 legi
711 4046 821 4091 monent
845 4041 930 4090 Schol.
955 4041 988 4090 ad
1013 4042 1043 4090 ll.
1065 4039 1098 4090 Π
1116 4040 1163 4090 361
1189 4038 1426 4099 σκέπτετ’,ὀιατῶν
1444 4061 1470 4091 τε
1487 4040 1575 4108 ῥοῖζον

349 4119 395 4173 καὶ
418 4121 517 4173 δοῦπον
539 4121 671 4188 ἀκόντων]
697 4130 789 4175 τοῦτον
811 4122 1048 4175 ἀκοντοδόκον
1071 4124 1161 4190 φασίν.
1188 4127 1309 4177 Glossam
1334 4143 1393 4178 vero
1418 4129 1575 4193 Etymologii

348 4209 437 4272 Magni
461 4225 514 4258 non
538 4211 569 4258 ad
595 4210 699 4260 Scholia
724 4212 860 4261 Homerica
882 4225 1030 4274 recurrere,
1054 4212 1099 4260 sed
1118 4216 1210 4262 contra
1227 4212 1401 4262 Scholiastam
1419 4215 1506 4278 glossa
1522 4215 1576 4277 ipsa

349 4310 427 4343 usum
452 4309 509 4344 esse
532 4295 598 4343 mihi
620 4300 730 4344 constat.
759 4297 812 4346 Hoc
834 4296 906 4345 enim
927 4296 1051 4346 Scholion
1070 4298 1144 4346 valde
1162 4304 1203 4348 est
1220 4312 1312 4347 recens
1330 4313 1417 4362 neque
1434 4300 1532 4362 legitur
1548 4297 1576 4347 in

349 4378 460 4428 Scholiis
483 4378 546 4427 Van.
566 4378 586 4426 Α
605 4393 691 4442 neque
710 4381 737 4428 in
756 4379 921 4429 Scholiorum
939 4382 995 4432 eod.
1013 4381 1077 4430 Ven.
1096 4381 1115 4429 B
1134 4396 1221 4446 neque
1239 4383 1267 4431 in
1285 4383 1431 4446 codicibus,
1455 4385 1503 4447 qui
1520 4387 1574 4445 post

350 4463 421 4511 hunc
445 4463 499 4511 cod.
524 4465 639 4512 alterum
663 4464 828 4514 Scholiorum
852 4481 938 4530 genus
961 4471 1175 4529 repraesentant,
1202 4467 1346 4530 primariiS,
1370 4469 1415 4517 sed
1438 4470 1466 4516 in
1490 4469 1574 4517 codice

349 4546 498 4595 Victoriano
516 4547 666 4597 Monacensi
683 4551 782 4599 saeculi
801 4551 865 4599 xvh
887 4549 938 4611 (ed.
956 4555 1063 4600 tantum
1081 4552 1150 4613 apud
1170 4549 1346 4614 Bekherum),
1367 4566 1448 4615 quem
1466 4566 1574 4615 apogra-

349 4632 419 4694 phon
443 4645 499 4680 esse
522 4637 626 4681 constat
648 4633 736 4692 (Dind.
762 4636 810 4684 vol.
834 4636 869 4684 lll
893 4652 916 4698 p.
942 4633 989 4697 Ill)
1012 4636 1108 4684 codicis
1131 4636 1307 4698 Townleiani;
1332 4635 1378 4699 qui
1401 4637 1496 4700 codex,
1520 4640 1575 4699 post

349 4715 481 4764 Venatum
507 4717 526 4764 B
550 4717 659 4767 alterius
683 4721 774 4770 classis
796 4720 962 4770 Scholiorum
984 4721 1060 4770 testis
1078 4721 1213 4784 princeps,
1237 4721 1292 4784 ipse
1310 4723 1359 4770 hoc
1377 4721 1481 4772 Scholio
1498 4725 1572 4772 caret

349 4800 386 4848 De
404 4798 515 4849 Scholiis
533 4800 691 4852 Victorianis
709 4805 854 4868 disputavit
871 4802 915 4854 *Α.
935 4805 1048 4854 Roemer
1064 4803 1212 4869 (Monach,
1230 4805 1290 4854 diss.
1308 4804 1392 4866 1874).
