3516 5712
773 533 809 592 75
1230 531 1249 610 a
1272 533 1326 608 37,
1352 533 1399 592 aa

175 719 308 778 deorum
343 721 609 796 epigrammatum
645 720 847 780 corollarium
879 738 897 779 a
929 720 1142 778 Bibliothecae
1173 719 1404 778 Alexandrinae

175 817 344 891 praelectis
372 818 405 876 in
435 819 662 878 Bibliothecam
691 821 852 893 receptum
881 835 960 877 esse.
995 817 1210 876 Alexandrino
1231 817 1404 892 exemplari

175 932 255 974 usus
273 933 345 974 esse
356 916 483 975 videtur
494 917 660 992 Meleager,
676 935 748 976 cum
761 917 904 977 Coronae
915 934 993 976 suae
1003 917 1157 975 insereret
1169 913 1240 976 νέον
1252 914 1404 994 οἰνάνθης

175 1010 281 1090 κλῆμα
314 1010 506 1090 Σιμωνίδεω
537 1014 612 1091 (ΑΡ.
637 1014 689 1073 IV.
716 1015 742 1090 1,
757 1012 801 1090 8).
834 1014 964 1083 Quodsi
983 1014 1034 1073 ille
1061 1017 1244 1089 excerptum
1271 1015 1403 1073 Alexan·

175 1111 286 1170 drinae
317 1098 462 1188 Sylloges
494 1113 659 1172 transtulit
686 1113 719 1170 in
749 1113 925 1188 Coronam,
957 1129 1054 1187 quam
1080 1130 1196 1171 rursus
1223 1115 1403 1188 excerptam
1430 1155 1433 1163 ,

175 1208 207 1267 in
243 1210 466 1287 Anthologiam
502 1211 619 1286 recepit
650 1211 881 1271 Constantinus
919 1211 1092 1287 Cephalas,
1131 1212 1164 1268 in
1196 1211 1404 1286 Anthologiae

176 1306 339 1367 Palatinae
374 1309 614 1384 epigrammatis
648 1308 838 1368 Simonideis
871 1308 987 1370 rudera
1025 1307 1171 1384 Sylloges
1204 1308 1404 1368 Simonideae

175 1405 370 1480 deprehendi
388 1423 482 1481 posse
496 1407 583 1466 dicas
598 1407 637 1465 iis
652 1407 781 1481 quidem
796 1406 931 1465 divulsis
947 1407 1200 1482 epigrammatis,
1222 1423 1304 1481 quae
1319 1423 1404 1464 erro·

176 1503 266 1562 ribus
299 1504 448 1578 vitiisque
478 1507 700 1579 excerptorum
728 1505 997 1579 librariorumque
1024 1504 1141 1564 iniuria
1172 1504 1204 1581 (i.
1236 1523 1262 1563 e.
1293 1506 1404 1563 contra

178 1600 379 1661 Simonideae
409 1602 554 1678 Sylloges
591 1603 828 1678 auctoritatem,
860 1621 935 1662 nam
961 1603 1001 1662 de
1031 1602 1212 1662 Simonidea
1234 1600 1306 1662 side
1325 1602 1404 1660 nihil

175 1699 256 1756 tituli
285 1698 520 1776 demonstrant)
550 1704 661 1775 poetae
685 1701 905 1760 auctoritatem
927 1701 1077 1772 ascivere.
1113 1701 1222 1776 Hanc,
1253 1702 1404 1782 quaeest

176 1797 336 1872 vulgaria,
375 1798 572 1873 opinionem,
610 1799 660 1858 hic
692 1799 779 1858 nullo
810 1802 1000 1874 argumento
1032 1799 1253 1858 confirmatam
1286 1799 1404 1857 referre

176 1895 253 1952 satis
270 1895 443 1972 haberem,
468 1897 530 1955 nisi
551 1897 757 1956 Wilamowitz
779 1915 810 1972 p.
839 1896 897 1956 319
919 1897 1113 1972 Meleagrum
1135 1896 1320 1956 adhibuisse
1340 1895 1403 1954 edi·

175 1992 293 2051 tionem
315 1994 562 2055 Alexandrinam
584 1996 743 2070 negasset.
778 1993 826 2053 ‘In
849 1995 958 2054 keiner
977 1995 1081 2054 Weiss
1098 1995 1191 2070 tolgt,
1216 1994 1292 2052 dass
1311 1993 1403 2052 Mele-

176 2108 251 2166 ager
266 2091 316 2150 die
331 2092 607 2152 alexandrinische
622 2093 772 2169 Ausgahe
789 2095 845 2152 der
860 2095 975 2152 Werlre
989 2092 1119 2170 (rectius
1135 2089 1399 2168 “Epigramme'’,

176 2189 214 2248 cf.
244 2190 355 2266 Textg.
385 2208 416 2265 p.
444 2190 482 2250 35
509 2189 596 2267 sqq.)
627 2191 683 2249 des
714 2191 894 2251 Simonides
923 2192 1054 2250 benutzt
1080 2192 1176 2250 hatte.
1212 2189 1312 2250 Deua
1337 2205 1404 2248 wer
1508 2240 1510 2243 .

175 2285 270 2346 toan
296 2285 500 2363 bezweisela,
531 2288 607 2347 dass
629 2289 808 2348 esdamals
831 2289 964 2364 vulgare
985 2289 1053 2347 und
1075 2287 1301 2363 philologische
1322 2287 1403 2346 Con-

175 2387 265 2446 trolle
293 2387 510 2447 entbehrende
531 2387 890 2464 Gedichtsammlungen
913 2388 1054 2464 gegeben
1083 2388 1174 2446 habe.
1205 2386 1402 2461 Leichtgliiu·

177 2484 296 2560 bigkeit
324 2485 392 2544 und
421 2487 503 2545 auch
539 2485 741 2561 Speculation
768 2487 909 2545 konnten
935 2487 1010 2544 sehr
1034 2487 1093 2544 wol
1117 2485 1187 2544 eine
1214 2484 1405 2559 Sammlung

175 2600 352 2658 anonymer
374 2583 524 2644 Gedichte
545 2585 647 2643 durch
669 2585 731 2643 den
751 2584 942 2643 beriihmten
957 2585 1079 2643 Namen
1093 2583 1322 2642 interessanter
1337 2582 1404 2640 und
1510 2661 1512 2666 Ι

177 2679 413 2740 verkiiuflicher
434 2680 592 2741 machen.'
617 2682 664 2741 Cf.
689 2685 852 2757 praeterea
876 2679 895 2759 ἓ
918 2682 966 2741 97.

215 2779 253 2837 ln
276 2779 465 2838 universum
487 2780 550 2839 iam
576 2798 613 2839 eo
634 2780 875 2838 demonstratur
896 2780 1092 2856 Meleagrum
1113 2779 1311 2854 excerpsisse
1335 2778 1404 2854 Syl-

175 2877 286 2953 logen,
311 2895 395 2953 quae
416 2880 542 2938 adesset
562 2879 596 2936 in
618 2877 813 2938 Bibliotheca
835 2878 1067 2953 Alexandrina,
1093 2877 1179 2952 quod
1200 2894 1239 2935 ex
1257 2877 1403 2935 undecim

176 2975 414 3050 epigrammatis
431 2974 484 3052 (cf.
501 2974 520 3054 ᾖ
534 2974 617 3052 138),
636 2993 774 3051 quorum
788 2976 991 3035 traditionem
1009 2975 1030 3035 S
1047 2977 1135 3034 textu
1150 2975 1191 3033 ab
1207 2975 1403 3034 Adiversam

177 3088 245 3130 esse
266 3073 403 3147 scimus,
429 3075 498 3132 octo
519 3074 670 3149 leguntur
691 3075 731 3132 in
758 3075 1009 3150 Anthologia
1036 3074 1235 3132 Palatina.
1268 3073 1328 3142 Qui
1350 3072 1403 3132 illa

177 3170 405 3246 epigrammata
427 3189 466 3230 ex
489 3171 617 3248 Sylloge
637 3173 670 3231 in
692 3173 817 3231 Anthol.
844 3173 909 3231 Pal.
935 3171 1101 3247 pervenire
1122 3174 1311 3247 potuerunt,
1342 3172 1403 3230 nisi

177 3284 232 3340 per
253 3268 413 3328 Coronam
435 3269 669 3346 Meleagream?

215 3366 254 3424 At
280 3369 385 3426 certae
405 3385 534 3442 quoque
554 3369 821 3444 epigrammatum
844 3369 936 3427 seriei
957 3368 1114 3427 transitus
1135 3386 1174 3427 ex
1198 3368 1326 3444 Sylloge
1347 3385 1404 3442 per

178 3462 335 3535 Coronam
347 3465 378 3523 in
392 3465 615 3541 Anthologiam
626 3466 759 3525 indicari
770 3468 883 3541 potest.
909 3467 986 3526 Volo
997 3466 1227 3542 epigrammata
1239 3466 1404 3526 Corinthia
1449 3510 1452 3513 .

178 3563 318 3636 quinque
338 3561 391 3637 (cf.
415 3560 458 3640 ἐξ
472 3563 520 3638 28,
534 3560 598 3638 34).
624 3563 774 3639 Ephorus
795 3563 847 3641 (ex
863 3565 1027 3625 Corinthia
1043 3562 1240 3640 defensione)
1261 3564 1404 3638 quinque

178 3677 246 3735 epp.
270 3661 411 3736 prodidit
431 3663 602 3722 memoriae
623 3663 656 3721 in
677 3663 846 3723 traditione
867 3665 901 3722 A.
934 3664 981 3722 Eo
1003 3680 1083 3722 usus
1106 3665 1153 3721 est
1176 3663 1338 3722 Collector.
1364 3662 1402 3719 In

181 3761 306 3838 Sylloge
336 3763 406 3838 ipsa
438 3764 603 3823 Timaeum
635 3783 683 3840 ep.
717 3765 773 3825 137
807 3764 852 3842 (in
885 3766 966 3826 trad.
998 3770 1028 3824 et
1055 3768 1143 3824 textu
1175 3762 1211 3840 S)
1241 3763 1404 3822 invenisse

179 3906 336 3914 -—

178 4007 208 4042 ea
224 3996 319 4044 aetatis
336 3995 455 4058 Sylloges
473 3995 626 4045 definitione
644 3994 679 4058 (a.
697 3995 772 4060 400),
790 4012 871 4060 quam
890 3999 941 4046 iam
963 3997 1122 4048 reiciendam
1139 4011 1195 4046 esse
1214 3996 1341 4056 vidimus,
1358 3995 1404 4043 sed

178 4078 256 4127 etiam
280 4084 409 4142 quattuor
432 4081 637 4144 epigrammata,
661 4096 731 4144 quae
754 4083 782 4131 in
807 4082 962 4132 Atheniensi
983 4083 1134 4132 recensione
1152 4081 1266 4130 defuisse
1283 4080 1311 4128 in
1331 4079 1405 4128 Pelo·

179 4165 331 4226 ponnesiaca
356 4165 462 4213 alluisse
490 4163 581 4228 finxit,
611 4167 700 4214 omnia
727 4167 806 4215 aliam
833 4167 1035 4230 explicationem
1064 4167 1161 4218 habere
1186 4166 1239 4214 iam
1267 4164 1405 4227 apparuit:

179 4263 215 4310 ep.
232 4247 294 4312 163,
312 4249 384 4313 quod
403 4249 604 4312 Aristophanem
624 4251 781 4313 Byzantium
800 4252 826 4300 in
845 4253 986 4314 Pelopoun.
1005 4236 1138 4302 invenisse
1156 4249 1260 4314 putavit
1277 4246 1405 4311 (cf.§37),

179 4346 215 4394 ep.
240 4332 409 4382 Corinthiaco
434 4332 480 4397 97,
506 4333 552 4398 98,
577 4334 640 4398 134,
667 4350 736 4398 quae
763 4335 934 4386 Collectorem
959 4351 991 4386 ex
1015 4336 1119 4399 Ephoro
1143 4336 1271 4398 recepisse
1293 4334 1406 4383 indicavi

179 4414 220 4476 (cl.
237 4415 250 4479 ἓ
267 4416 319 4479 29).
354 4419 495 4468 Praeterea
514 4434 620 4482 prorsus
638 4425 739 4470 temere
758 4423 870 4484 sumpsit
890 4422 1051 4471 Simonidem
1070 4420 1257 4472 Alexandrinis
1274 4419 1406 4483 epigram-

181 4503 279 4552 maticis
303 4504 387 4566 poetis
409 4506 528 4568 exemplo
553 4505 634 4554 fuisse
659 4503 702 4566 (de
724 4520 777 4568 qua
795 4507 951 4568 quaestione
969 4507 1055 4556 insius
1073 4504 1213 4571 disputabo
1231 4502 1243 4565 ἓ
1261 4502 1311 4552 123
1328 4503 1406 4567 sqq).

181 4585 329 4636 Videbimus
348 4603 432 4637 unum
448 4593 554 4637 tantum
570 4605 600 4638 ex
618 4590 813 4652 Peloponnesiis
828 4590 1003 4653 Simonidem,
1022 4605 1141 4654 eumque
1155 4589 1242 4653 qualis
1257 4589 1283 4637 in
1300 4588 1406 4652 Sylloge

181 4667 326 4721 Simonidea
340 4678 504 4735 compareret
519 4674 655 4723 imitatum
671 4689 741 4736 esse,
759 4690 793 4723 sc.
807 4674 982 4736 Mnasalcam3
1001 4676 1071 4724 inter
1086 4689 1168 4739 quem
1183 4678 1265 4737 atque
1281 4672 1406 4736 Syllogen

182 4756 263 4816 qualis
279 4757 427 4806 intercedat
444 4758 561 4808 condicio
578 4759 675 4808 ibidem
694 4759 928 4809 demonstrabitur.
949 4759 1016 4824 Ergo
1033 4774 1142 4821 prorsus
1161 4758 1257 4808 ficticia
1275 4764 1315 4807 est
1333 4758 1406 4806 Reit-

184 4841 356 4892 zensteiniaua
372 4842 593 4906 Peloponnesiaca
610 4844 734 4894 recensio.
