3572 5716
776 531 832 596 211
997 592 999 596 ,
1205 529 1415 614 911919

192 723 247 787 mit
269 723 370 785 Recht
392 723 447 784 auf
466 723 666 800 persiinliche
688 725 887 784 Differenzen
910 725 1064 783 zwisohen
1084 726 1149 783 Mn.
1168 725 1236 783 und
1254 725 1312 784 Th.
1330 725 1419 784 bezo·

192 842 252 899 gen
281 842 321 883 zu
350 821 478 882 haben'.
512 823 609 881 Aliter
637 821 849 882 Reitzenstein
878 839 908 896 p.
934 821 1006 880 126:
1039 821 1125 880 ‘dass
1146 822 1197 881 die
1218 823 1419 899 Dichtungen

191 923 247 981 des
273 923 458 980 Mnasallras
484 923 552 980 und
578 922 634 980 der
656 922 759 996 Anyte
779 921 821 978 im
843 919 1076 978 Wesentlichen
1099 919 1241 995 gleichen
1263 922 1330 979 Ton
1352 921 1419 980 und

192 1020 299 1078 Inhalt
328 1019 450 1095 haben,
481 1020 523 1078 ist
546 1019 702 1094 bekannt;
733 1037 795 1078 nur
816 1019 871 1076 hat
892 1018 1076 1076 Mnasallras
1098 1018 1246 1094 hiiufiger
1267 1020 1318 1078 die
1338 1020 1419 1078 auch

192 1135 255 1176 von
283 1118 388 1193 Anyte
414 1118 563 1177 benutzte
592 1117 645 1196 (ci.
673 1120 780 1178 tamen
811 1115 830 1194 ᾗ
861 1114 931 1192 123)
963 1115 1207 1174 simonideisohe
1230 1116 1421 1192 Sammlung

191 1232 249 1274 vor
281 1214 424 1291 Augen’,
462 1218 558 1291 atquc
576 1233 618 1291 .p.
653 1216 710 1275 125
742 1214 958 1273 Mnasalceum
990 1214 1043 1271 VI.
1077 1212 1134 1272 128
1165 1231 1204 1272 ex
1238 1213 1420 1272 Simonideo

191 1314 243 1372 VI.
274 1313 313 1372 52
344 1311 406 1390 (ep.
436 1310 523 1389 144),
555 1332 585 1388 p.
616 1313 673 1371 127
702 1313 918 1371 Mnasalceum
940 1311 993 1370 VI.
1018 1311 1036 1370 9
1058 1327 1097 1368 ex
1121 1310 1303 1370 Simonideo
1323 1312 1377 1370 VI.
1402 1311 1420 1370 2
1482 1350 1486 1356 -

193 1409 254 1487 (ep.
287 1409 358 1486 143)
388 1411 562 1469 imitatione
588 1410 762 1468 formatum
789 1425 860 1467 esse
886 1407 1047 1467 contendit
1068 1425 1098 1466 r.
1124 1409 1179 1482 el.;
1209 1426 1313 1483 neque
1334 1409 1421 1483 quis-

191 1527 289 1582 quam
318 1509 447 1584 negabit
475 1510 552 1568 haec
580 1525 650 1583 epp.
679 1510 749 1566 arto
775 1506 903 1565 vinculo
924 1523 995 1564 esse
1016 1523 1145 1566 conexa.
1181 1507 1421 1582 Epigrammata

192 1624 267 1666 vero
298 1605 482 1666 Simonidea
510 1606 551 1664 ad
575 1605 693 1664 bellum
715 1605 872 1663 Medicum
893 1604 1083 1678 pertinentia
1105 1605 1155 1662 vel
1176 1604 1254 1680 alia,
1285 1605 1418 1678 quaein

194 1703 324 1778 Sylloge
352 1703 486 1762 affuisse
514 1705 655 1777 constet,
689 1719 708 1761 a
737 1702 898 1762 Mnasalca
926 1704 1082 1776 usurpata
1110 1719 1181 1760 esse
1208 1702 1421 1761 demonstran

192 1819 255 1859 non
270 1803 390 1876 potest;
413 1801 679 1876 epigrammatum
694 1800 832 1859 duorum
850 1799 1123 1874 Simonideorum,
1144 1816 1227 1873 quae
1241 1801 1420 1859 Mnasaloas

192 1899 428 1957 Reitzensteinii
455 1899 571 1957 iudicio
599 1899 728 1956 secutus
757 1913 828 1955 esse
850 1896 990 1971 videtur,
1023 1897 1103 1956 ratio
1124 1897 1234 1956 eadem
1255 1901 1303 1956 est
1324 1901 1420 1972 atque

192 2014 303 2056 eorum
331 2014 403 2071 epp.
435 1996 711 2070 Simonideorum,
743 2012 826 2069 quae
855 1995 1075 2070 Peloponnesii
1104 1997 1214 2069 poetae
1242 1996 1421 2070 respexisse

192 2094 343 2153 videntur
366 2092 401 2171 (ἓ
425 2092 512 2170 12311
535 2095 612 2152 sunt
633 2093 748 2152 coloris
770 2093 992 2167 Alexandrini,
1017 2093 1168 2168 leguntur
1183 2093 1216 2150 in
1231 2093 1420 2168 fragmentis

192 2192 379 2268 Meleagreis
407 2209 465 2250 nec
493 2208 568 2250 vero
596 2191 661 2249 ullo
689 2207 728 2249 ex
757 2190 876 2249 nostris
904 2189 1029 2248 indiciis
1057 2189 1098 2247 ad
1129 2189 1280 2266 Syllogen
1309 2190 1421 2249 referri

192 2293 367 2364 potuerunt
397 2287 449 2366 (cf.
481 2287 499 2366 ξ
532 2288 605 2364 104,
636 2289 676 2347 de
704 2305 751 2362 ep.
784 2287 840 2346 143
870 2288 932 2346 vid.
964 2285 984 2364 ξ
1013 2287 1099 2362 130,
1119 2288 1158 2346 de
1178 2305 1226 2362 ep.
1253 2288 1309 2346 144
1331 2306 1361 2362 p.
1386 2289 1418 2346 h.

193 2406 306 2447 comm.
338 2385 420 2463 alt).
461 2387 641 2446 Simonidea
673 2389 779 2446 autem
810 2385 943 2444 imitatio
975 2385 1001 2443 si
1034 2402 1146 2444 revera
1176 2385 1210 2442 in
1241 2386 1421 2444 Mnasalcea

192 2487 279 2560 poesi
314 2485 421 2544 inesse
455 2485 597 2560 videtur,
635 2502 764 2544 necesse
798 2487 865 2560 est,
903 2487 939 2543 ut
973 2484 1005 2542 in
1041 2501 1077 2542 ea
1109 2500 1238 2558 quoque
1269 2483 1421 2542 elementa

193 2583 352 2657 quaedam
372 2583 587 2658 inveniantur,
612 2583 731 2656 quibus
753 2601 771 2642 a
793 2582 1031 2656 Peloponnesiis
1053 2582 1292 2658 epigrammatis
1311 2581 1421 2640 distin-

194 2681 315 2756 guitur.

232 2779 323 2838 Inter
351 2779 580 2854 epigrammata
608 2779 789 2838 Mnasalcae
809 2778 996 2837 auctoritate
1016 2777 1169 2853 insignita
1190 2794 1293 2836 unum
1315 2779 1363 2836 est
1383 2810 1423 2819 -

193 2878 279 2950 quod
303 2877 501 2936 Knaackium
523 2876 867 2950 Reitzensteiniumque
887 2875 1011 2950 fugisse
1032 2875 1158 2934 videtur
1179 2905 1218 2915 —
1240 2893 1312 2933 cum
1328 2892 1422 2950 argu·

141 2989 144 2995 ·
181 2976 300 3040 ,mento
328 2977 397 3033 tum
425 2974 549 3032 dicendi
577 2974 700 3032 ratione
725 2974 819 3048 plane
839 2991 857 3032 a
879 2973 991 3032 ceteris
1012 2974 1081 3032 eius
1103 2973 1358 3048 epigrammatiS,
1389 2974 1422 3030 in

193 3073 312 3146 quibus
334 3072 467 3131 Scholae
484 3071 769 3147 Peloponnesiacae
786 3073 877 3131 tenor
892 3087 962 3129 non
971 3070 1130 3129 obscurus
1145 3074 1210 3147 est,
1231 3072 1419 3131 abhorrens.

193 3170 269 3229 Volo
290 3187 340 3244 ep.
358 3169 429 3228 VII.
451 3169 524 3227 242:

355 3264 440 3326 οἵδε
459 3265 581 3344 πάτραν
601 3264 808 3345 πολύδακρυν
829 3265 878 3326 ἔπ’
897 3265 1004 3346 αὐχένι
1027 3265 1144 3343 θεσμὸν
1165 3267 1302 3347 ἔχουσαν

395 3361 544 3442 ῥυόμενσι
566 3361 726 3442 δνοφεράν
747 3363 1038 3443 ἀμφεβάλσντο
1060 3364 1163 3426 κόνιν·

355 3460 501 3538 ἄρνυνται
522 3460 551 3521 θ’
570 3460 715 3539 ἀρετᾶς
735 3459 823 3522 αἶνον
844 3461 952 3540 μέγαν.
975 3461 1052 3523 ἀλλά
1074 3486 1117 3531 τις
1138 3462 1242 3525 ἀστῶν

394 3558 500 3620 τούσδ’
519 3556 633 3620 ε’σιθὼν
653 3558 805 3640 θνᾴσκειν
825 3558 925 3620 τλάται
947 3559 1027 3638 ὑπὲρ
1048 3561 1206 3639 πατρίδος.

196 3657 404 3717 Stadtmirller
435 3659 496 3717 iam
529 3659 664 3718 alterum
695 3645 836 3718 versum
859 3660 996 3718 conferri
1024 3660 1118 3718 iussit
1146 3678 1219 3719 cum
1250 3661 1422 3719 Simonidei

194 3773 241 3831 ep.
271 3756 311 3815 99
341 3753 416 3832 (ΑΡ.
440 3757 511 3815 VII.
541 3755 613 3832 251)
644 3775 740 3816 versu
769 3758 885 3833 altero,
916 3761 948 3816 at
974 3758 1061 3816 haud
1088 3759 1153 3817 scio
1179 3776 1220 3816 an
1243 3777 1272 3817 v.
1298 3758 1334 3817 cl.
1359 3759 1422 3834 epi·

195 3853 382 3928 grammatis
410 3853 547 3912 indolem
576 3871 640 3912 non
669 3855 852 3930 agnoverit,
882 3855 1050 3929 denegavit
1071 3855 1155 3914 enim
1176 3855 1272 3914 fidem
1294 3856 1422 3914 lemma·

195 3951 287 4010 tistae
311 3968 360 4026 ep.
385 3952 425 4009 ad
446 3951 733 4027 Thermopylarum
755 3970 898 4028 pugnam
921 3953 1078 4011 referenti.
1112 3954 1319 4012 Necessitudo
1340 3954 1423 4012 inter

196 4049 411 4108 Mnasalceum
432 4052 462 4108 et
482 4049 717 4126 Simonideum,
743 4051 829 4124 quod
850 4054 881 4109 et
902 4041 1008 4126 ipsum
1027 4051 1257 4126 Thermopylas
1277 4051 1419 4125 respicit,

195 4150 259 4206 tam
281 4149 351 4206 arta
372 4149 436 4222 est,
461 4149 497 4205 ut
514 4147 686 4206 concedere
703 4164 762 4205 nos
781 4150 924 4222 oporteat
942 4148 1136 4207 Mnasalcam
1156 4149 1302 4207 consulto
1322 4148 1422 4207 Simo-

196 4245 325 4304 nideum
346 4245 503 4304 imitatum
525 4261 596 4304 esse
618 4242 718 4321 (quod
739 4245 771 4302 in
796 4245 874 4321 Syll.
898 4245 976 4304 Sim.
998 4246 1132 4304 affuisse
1153 4249 1277 4306 constat
1299 4264 1338 4305 ex
1355 4248 1423 4305 loco

195 4343 226 4401 in
255 4342 368 4402 ordine
390 4342 572 4402 Simoniden
593 4361 650 4418 per
671 4344 867 4418 Meleagrum
889 4343 922 4401 in
945 4344 1159 4418 Cephalanam
1182 4345 1424 4420 Palatinumque

196 4440 320 4498 Anthol.
342 4443 533 4516 propagato,
560 4439 579 4517 ᾖ
604 4439 692 4516 10111

355 4536 506 4613 ἄσβεστον
527 4535 618 4604 κλέος
640 4535 725 4598 αἴθε
746 4536 820 4617 φίλῃ
841 4536 913 4615 περὶ
934 4536 1058 4615 πατρίδι
1078 4537 1186 4606 θέντες

395 4634 531 4696 κυάνεον
551 4633 692 4696 θανάτου
715 4633 1004 4714 ἀμφεβάλσντο
1025 4637 1138 4715 νέφος·

356 4731 432 4793 οὐδὲ
452 4732 578 4794 τεθνᾶσι
598 4731 765 4804 θανόντες,
787 4733 855 4793 ἐπεί
874 4733 929 4813 σφ’
948 4732 1068 4813 ἀρετὴ
1091 4733 1280 4813 καθύπερθε

328 4892 334 4898 ,
395 4829 578 4892 κυθαίνουσ’
596 4828 704 4910 ἀνάγει
727 4830 876 4909 θώματος
897 4831 932 4902 ἐξ
948 4828 1068 4892 Ἂίθεα).

1274 4929 1324 4982 ll*
