3516 5712
737 547 739 551 >
771 531 827 591 117
1236 532 1255 612 5
1278 535 1406 596 65-10.

183 737 275 793 γειται
304 715 389 792 0011.)
419 720 459 787 <
479 721 542 784 τοῖς
570 719 650 793 ng.
674 725 714 789 >
744 715 970 797 Τυνδαρίδῃσιν
998 717 1125 795 ἀοιδᾶς,
1154 719 1158 796 l
1183 719 1327 797 ἁμέτεροι
1348 720 1410 797 (sie

183 815 350 890 Hartung,
382 812 666 893 ἀοιδηααναμετροι
687 814 772 891 0011.)
795 815 922 893 τέττιγες
943 815 1152 895 ἐπεστέψαντο
1173 815 1345 896 χορωνῷ
1365 819 1409 877 ita

182 914 259 970 sunt
279 913 423 987 obscuri,
448 915 483 971 ut
505 910 677 990 γριφώδεις
697 931 768 972 0550
788 913 866 972 mihi
889 914 1057 973 videantur
1075 916 1195 974 collatis
1212 915 1409 974 carminibus

182 1027 281 1084 supra
299 1009 437 1070 laudatis
457 1010 523 1085 171,
546 1010 613 1086 172,
636 1011 703 1086 173,
725 1029 807 1085 qnae
822 1029 950 1086 quoque
965 1008 1222 1089 epigrammata
1236 996 1409 1072 Simonidis

181 1107 334 1183 appellari
349 1109 497 1168 vidimus.
522 1109 601 1184 Apio
616 1125 731 1168 versus
742 1127 781 1168 ex
793 1110 947 1185 scriptore
958 1110 1138 1184 antiquiore
1148 1113 1294 1185 receptos·
1302 1111 1410 1185 ibique

181 1224 239 1281 pro
260 1207 488 1282 epigrammate
511 1205 693 1266 Simonidea
714 1207 840 1266 habitos
863 1208 1096 1282 grandiloquus
1118 1207 1161 1266 ita
1182 1208 1341 1283 laudavit,
1373 1211 1409 1266 ut

180 1321 234 1362 eos
262 1305 295 1362 in
325 1303 581 1363 Simonideorum
607 1305 874 1380 epigrammatum
895 1305 1077 1364 collectione
1097 1305 1212 1381 legisse
1234 1305 1405 1374 videretur.

178 1403 251 1460 Hoc
282 1419 411 1476 quoque
440 1402 674 1477 fragmentum,
708 1405 744 1461 ut
775 1420 829 1476 ea,
864 1419 947 1476 qnae
974 1419 1013 1460 ex
1042 1402 1285 1462 chamaeleonte
1312 1406 1409 1477 atque

181 1500 362 1560 Callistrato
380 1499 560 1575 fluxerunt,
582 1517 655 1560 cum
674 1500 858 1559 narratione
874 1500 1047 1576 eiusmodi,
1068 1501 1218 1573 qualibus
1236 1500 1408 1560 Simonidis

181 1596 278 1655 vitam
300 1615 456 1657 exornare
477 1599 621 1658 solebant
643 1599 787 1658 homines
810 1615 917 1657 rerum
936 1598 1158 1657 fabulosarum
1177 1599 1310 1673 curiosi,
1335 1616 1408 1658 con·

180 1695 325 1754 iunctum
346 1695 448 1754 fuisse
468 1697 643 1771 putaveris.

222 1789 313 1869 §Th
359 1791 410 1853 De
433 1791 696 1870 Thrasymacho
735 1796 794 1870 Ep.
814 1793 870 1854 169
894 1792 940 1871 (11
963 1795 1213 1853 Timocreontem
1232 1792 1406 1871 Rhodium)

181 1890 250 1949 sine
272 1890 445 1951 Simonidis
467 1892 612 1968 nomine,
640 1910 704 1967 quo
725 1894 918 1952 instructum
939 1894 1025 1952 extat
1047 1893 1109 1950 AP.
1131 1892 1200 1950 VII.
1222 1892 1296 1967 348,
1321 1892 1406 1966 apud

180 1988 377 2047 Athenaeum
404 1990 554 2049 laudatur
576 1991 613 2049 X.
638 1990 696 2050 415
718 1991 739 2049 f.
764 1991 814 2049 Ibi
835 1991 910 2050 huic
930 1990 1151 2065 epigrammati
1172 1990 1269 2048 fontis
1291 2007 1406 2048 101101

181 2087 310 2146 nonita
332 2087 533 2164 adiungitur,
565 2090 600 2146 ut
622 2089 729 2147 statim
750 2089 783 2147 11
804 2089 914 2147 oculos
935 2088 1088 2148 incurrat.
1124 2087 1324 2162 Quapropter
1347 2079 1406 2145 ¹viri

180 2184 262 2244 docti
285 2186 438 2244 Athenaei
459 2187 620 2245 auctorem
642 2186 783 2246 indicare
804 2203 866 2245 non
887 2186 989 2244 solent
1002 2184 1053 2262 ⁶⁶).
1079 2185 1158 2253 Quis
1173 2187 1279 2243 autem
1293 2184 1403 2259 fuerit,

179 2283 416 2358 demonstrare,
447 2285 577 2358 opinor,
609 2301 674 2343 non
702 2284 831 2343 difficile
859 2285 916 2342 051.
953 2282 1065 2341 Sermo
1090 2284 1138 2341 est
1163 2284 1203 2341 de
1223 2282 1406 2341 hominibus

182 2381 362 2439 voracibus.
387 2382 561 2455 Postquam
583 2399 622 2440 ex
643 2382 771 2441 Nicolao
793 2382 989 2440 Damascene
1013 2378 1065 2456 (fr.
1082 2380 1129 2455 77,
1144 2380 1241 2439 FHG.
1256 2380 1318 2438 ΙΙΙ.
1332 2377 1404 2456 415)

180 2479 218 2536 de
239 2478 422 2560 Mithridate
444 2479 535 2536 Ponti
557 2495 632 2553 rege
653 2479 757 2537 attulit
778 2479 974 2553 exemplum,
1000 2478 1117 2553 pergit:
1144 2474 1197 2536 καὶ
1221 2474 1407 2553 Τιμοκρέων

181 2573 209 2634 δ’
233 2573 252 2634 ὁ
276 2572 398 2642 Ῥόδιος
424 2573 555 2654 ποιητὴς
582 2573 636 2635 καὶ
664 2573 804 2654 ἀθλητὴς
830 2573 1006 2641 πένταθλος
1026 2573 1109 2652 ἄδην
1129 2573 1229 2653 ἔφαγε
1249 2572 1302 2634 καὶ
1323 2574 1407 2634 ἔπιεν

181 2671 225 2740 ὡς
250 2670 285 2732 τὸ
311 2671 361 2732 ἐπὶ
386 2676 441 2732 τοῦ
466 2672 570 2751 τάφου
596 2671 693 2733 αὐτοῦ
715 2671 897 2750 ἐπίγραμμα
921 2671 1026 2751 δηλοῖ·
1053 2690 1118 2748 seq.
1143 2690 1192 2747 ep.
1219 2673 1292 2747 169,
1324 2691 1408 2747 quae

181 2772 277 2830 verba
305 2772 420 2847 excipit
448 2773 588 2831 eiusdem
616 2772 844 2831 Timocreontis
871 2767 1051 2849 ἀδηφαγίας
1072 2771 1250 2845 exemplum
1273 2771 1406 2845 petitum

179 2888 217 2928 ex
241 2868 496 2946 Thrasymacho
519 2871 730 2930 Chalcedonio
753 2868 859 2946 (11.3,
885 2869 948 2928 OA.
971 2869 1014 2927 II.
1036 2868 1119 2946 246).
1145 2869 1286 2928 Putasne
1307 2869 1407 2928 Thra·

180 2969 369 3043 symachum
398 2969 613 3028 narrationem
634 2969 720 3027 illam
742 2968 929 3043 praebuisse
949 2966 1109 3025 mentione
1130 2968 1217 3026 nulla
1238 2967 1321 3026 faeta
1343 2968 1406 3042 epi·

180 3066 366 3141 grammatis
389 3067 562 3142 notissimi,
589 3066 684 3144 qaod
705 3065 804 3142 apud
820 3064 1035 3126 Athenaeum
1052 3063 1266 3141 praecedat?
1294 3065 1407 3123 Nonne

180 3167 342 3239 praeterea
363 3164 480 3223 mirum
502 3167 563 3240 est,
588 3165 674 3239 quod
689 3165 871 3223 Athenaeus
888 3163 964 3222 huic
981 3164 1160 3237 fragmento
1178 3162 1298 3238 poetico
1315 3179 1406 3220 vora·

179 3263 304 3321 citatem
331 3263 505 3322 illustranti
532 3264 629 3322 fontis
652 3280 767 3322 nomen
790 3263 913 3322 adicere
934 3279 999 3321 non
1021 3261 1164 3336 videtur,
1196 3278 1260 3335 quo
1281 3260 1405 3318 nullum

179 3377 217 3418 ex
237 3361 351 3420 ceteris
372 3362 524 3436 exemplis
546 3360 656 3421 001011

217 3460 311 3534 Apud
333 3459 624 3535 Thrasymachum,
648 3460 676 3518 ei
695 3459 779 3518 enim
794 3459 991 3517 Athenaeum
1007 3474 1066 3515 sua
1081 3457 1196 3515 debere
1210 3456 1406 3515 confidenter

179 3557 335 3616 affirmari
356 3556 442 3632 licet,
466 3558 609 3616 nondum
632 3574 708 3632 ergo
730 3557 789 3615 hoc
810 3555 1233 3632 epigrammaconiunctum
1250 3556 1318 3612 erat
1333 3570 1405 3612 cum

180 3673 316 3730 persona
340 3654 513 3714 Simonidis
523 3654 579 3731 ⁶7),
605 3673 700 3731 quern
718 3655 750 3713 id
768 3657 898 3730 propter
911 3653 1092 3712 inimicitias
1107 3653 1139 3710 in
1155 3652 1405 3711 Timocreontem

180 3753 289 3812 iecisse
316 3753 489 3812 credebant
510 3755 637 3828 posteri.
673 3754 699 3811 A
720 3770 784 3827 quo
805 3769 932 3812 carmen
958 3751 1112 3811 Simonidi
1134 3749 1323 3809 attributum
1345 3748 1402 3822 511,

180 3851 274 3910 101010
295 3851 415 3926 nequit.
443 3851 613 3910 Servatum
635 3851 719 3910 enim
741 3853 788 3909 est
809 3849 982 3909 Simonidis
1004 3849 1191 3909 auctoritate
1211 3848 1404 3906 instructum

181 3949 212 4006 in
241 3950 432 4025 Anthologia
464 3949 617 4009 Palatina.
656 3947 821 4009 Collecter
852 3947 984 4022 scilieet,
1019 3946 1137 4022 quippe
1168 3945 1219 4005 cui
1250 3945 1335 4003 fama
1366 3943 1406 4000 de

181 4084 338 4092 ——1-

211 4162 246 4226 ⁶⁶)
281 4164 461 4213 Reitzenstein
485 4180 508 4227 p.
527 4161 576 4213 119
600 4168 719 4213 tanturn:
744 4159 1109 4224 ι1101·0110601111111511011,
1133 4175 1181 4209 015
1199 4159 1327 4210 wele-hem
1345 4160 1405 4216 Ath.

181 4248 286 4311 citiert'3
304 4248 444 4298 Kirchhclf
459 4249 546 4298 llerm.
566 4248 605 4298 11.
623 4247 689 4297 1876
707 4263 729 4310 p.
742 4247 789 4310 46,
807 4262 970 4311 quamquam
990 4247 1047 4295 iure
1065 4246 1171 4309 negavit
1188 4247 1332 4309 quicquam
1351 4246 1405 4306 cpi-

182 4347 299 4395 gramma
316 4349 376 4383 curn
395 4332 529 4382 Simonide
546 4333 642 4382 habere
658 4345 800 4382 commune
815 4332 1059 4395 Thrasymachiquc
1076 4331 1254 4393 fragmentum
1271 4329 1406 4392 excripsit,

183 4415 212 4464 de
230 4417 365 4480 Posidippo
383 4422 490 4466 auctore
507 4418 638 4480 cogitavit.
665 4416 703 4466 cf.
721 4417 796 4479 Preg.
814 4415 870 4464 253.

213 4499 247 4562 67)
280 4501 450 4551 Subrertitur
476 4502 558 4566 igitur
583 4501 781 4550 Reitzensteinii
805 4502 871 4550 ratic
895 4500 1033 4560 scribentis
1057 4497 1185 4562 (p.119):
1212 4495 1262 4547 ‘die
1285 4498 1406 4561 fingiertc

184 4584 325 4635 Auischriit
351 4586 399 4635 auf
422 4587 468 4636 das
494 4586 565 4635 Grab
591 4588 637 4636 des
663 4587 791 4635 Rhodiers
814 4585 880 4656 Tim.
1018 4585 1089 4633 kann
1113 4599 1165 4632 nur
1188 4584 1214 4632 11
1239 4583 1406 4632 miindlicher

185 4669 311 4720 Tradition
335 4671 456 4720 erhallen
481 4672 534 4720 und
559 4687 586 4720 so
609 4672 637 4720 11
661 4672 703 4719 die
727 4671 885 4733 Sammlung
908 4671 954 4718 der
977 4669 1129 4718 Simonidea
1152 4668 1310 4732 gekornmen
1334 4667 1406 4729 sein’,

185 4759 260 4818 atque
290 4755 385 4805 Baueri
414 4755 607 4804 Themistolrles
636 4771 659 4818 p.
683 4754 715 4804 12
746 4770 770 4803 u.
794 4754 826 4817 l,
855 4754 901 4818 qui
927 4753 1077 4816 suspicatus
1103 4757 1143 4801 051
1169 4752 1347 4801 narrationem
1374 4751 1406 4798 de

186 4844 315 4904 poctarum
333 4840 468 4889 discordiis
484 4854 515 4888 011
533 4843 621 4888 105110
639 4840 830 4902 epigrammate
848 4853 904 4887 esse
922 4837 1077 4888 derivatam.
