3546 5724
408 509 484 584 Cap.
512 509 554 567 ΙΙ.
999 510 1037 570 60

406 696 549 756 laudavit
574 695 770 756 Athenaeus:
799 714 838 755 ex
861 697 997 755 Timaeo.
1032 697 1146 770 Itaque
1167 699 1298 772 apparet
1320 696 1484 756 Timaeum
1505 715 1632 772 quoqne

406 795 447 853 ab
476 794 718 854 Chamaeleonte
746 794 809 853 iam
837 794 967 853 allatum
995 794 1110 867 fuisse;
1139 794 1356 854 testimonium
1383 813 1458 870 ergo
1479 813 1575 855 omne
1595 813 1631 854 ex

408 891 649 950 Chamaeleoute
670 891 878 966 descripsisse
898 892 1096 951 Athenaeum
1118 892 1376 952 constituendum
1398 893 1534 952 videtur.

446 991 484 1048 At
500 993 671 1065 antequam
685 990 718 1048 in
734 989 852 1048 Timaei
868 991 1060 1049 narrationis
1074 990 1229 1049 elementa
1243 989 1419 1066 inquiram,
1437 992 1630 1066 expedienda

405 1091 453 1148 est
471 1089 713 1164 quaestiuncula
732 1089 963 1164 chronologica.
990 1089 1109 1148 Dixerit
1124 1089 1207 1148 enim
1223 1089 1296 1163 quis
1311 1091 1489 1164 temporum
1505 1090 1631 1148 obstare

406 1188 575 1263 rationem,
610 1187 688 1262 quin
718 1186 1008 1261 Chamaeleontem,
1045 1186 1100 1260 qni
1130 1186 1308 1244 Heraclidis
1337 1186 1459 1245 Pontici
1487 1187 1630 1245 aemulus

405 1287 505 1345 fuisse
533 1285 751 1360 perhibeatur,
783 1284 901 1344 Timaei
930 1284 1100 1359 septimum
1122 1283 1240 1342 librum
1262 1283 1448 1342 adhibuisse
1469 1287 1626 1358 putemus

405 1384 598 1442 Iamdudum
615 1385 721 1441 autem
740 1381 798 1440 viri
817 1382 900 1440 docti
910 1378 950 1457 34)
969 1381 1055 1440 illam
1074 1381 1292 1456 traditionem,
1314 1398 1396 1455 quae
1412 1381 1630 1440 Heracleotam

405 1481 633 1546 vetustioribus
660 1479 876 1555 Peripateticis
897 1479 1099 1554 accensebat,
1131 1479 1163 1536 in
1186 1477 1321 1536 dubium
1344 1481 1540 1538 vocaverunt
1562 1495 1629 1536 sus·

293 1597 298 1610 ,
404 1580 562 1654 picatique
590 1580 666 1636 sunt
687 1578 930 1654 grammaticum
952 1578 1053 1636 fuisse
1074 1577 1210 1636 eundem
1233 1577 1508 1636 Chamaeleontem
1532 1576 1629 1634 Hera·

404 1678 552 1752 cleotem,
584 1676 639 1750 qui
668 1677 797 1734 auctore
818 1676 986 1734 Memnone
1007 1674 1194 1733 Heracleote
1219 1671 1283 1750 (ap.
1308 1673 1457 1732 Photium
1479 1673 1547 1732 cod.
1573 1673 1629 1730 224

405 1793 433 1849 p.
449 1772 521 1851 226)
544 1791 629 1833 anuo
650 1773 706 1832 281
730 1774 770 1832 ad
794 1774 960 1833 Seleucum
982 1773 1161 1832 Nicatorem
1183 1790 1201 1831 a
1223 1771 1347 1831 civibus
1369 1772 1494 1848 legatus
1511 1772 1630 1830 missus

403 1877 460 1932 est.
485 1873 590 1942 Quam
612 1871 823 1946 suspicionem
846 1873 963 1930 iustam
985 1871 1086 1929 fuisse
1105 1888 1143 1929 eo
1164 1888 1250 1929 nuuc
1271 1871 1520 1945 demonstratur,
1545 1870 1630 1944 quod

404 1989 502 2047 supra
524 1969 674 2030 constitui
696 1985 824 2028 necesse
845 1971 913 2028 erat
936 1970 1210 2029 Chamaeleontem
1232 1985 1327 2028 usum
1349 1985 1420 2027 esse
1441 1968 1578 2026 Timaeo.

443 2073 550 2132 Unum
572 2068 690 2127 Timaei
717 2069 910 2128 narrationis
931 2070 1120 2127 elementum
1143 2069 1352 2143 cognovimus
1376 2065 1505 2142 (nomen
1530 2065 1629 2125 Simo-

404 2168 516 2244 nidis),
543 2168 708 2227 videamus
730 2166 768 2224 de
790 2167 911 2226 ceteris.
936 2167 1093 2235 Quoniam
1117 2166 1304 2226 Chamaeleo
1325 2165 1449 2241 primus
1470 2164 1630 2238 perspexit

403 2267 583 2325 meretrices
615 2264 715 2322 fuisse
747 2264 894 2323 mulieres
922 2282 992 2340 eas,
1025 2282 1108 2339 quae
1129 2265 1229 2324 sacris
1252 2263 1396 2324 Corinthi
1417 2263 1530 2322 adesse
1552 2263 1629 2320 sole·

404 2367 489 2439 rent,
525 2364 673 2421 Timaeus
708 2359 846 2420 ‘uxores’
877 2363 1064 2437 praebuisse
1095 2363 1274 2422 censendus
1302 2365 1359 2421 est.
1396 2361 1572 2420 Donarium
1600 2363 1629 2418 et

402 2461 626 2535 Theopompus
654 2462 684 2518 et
713 2460 900 2519 Chamaeleo
931 2459 1094 2520 ‘tabulam'
1118 2461 1219 2518 tuisse
1240 2460 1416 2536 perbibent.
1450 2459 1535 2517 Num
1557 2476 1628 2517 cum

401 2556 440 2614 iis
472 2557 531 2615 hoc
561 2557 594 2614 in
625 2556 779 2616 elemento
810 2558 1011 2616 consensisse
1043 2559 1191 2616 Timaeus
1223 2556 1374 2616 videtur?
1411 2556 1627 2616 Demonstrati

402 2671 497 2728 posse
524 2658 600 2729 puto
628 2672 702 2713 eum
730 2654 882 2713 habuisse
911 2654 1043 2714 ‘statuas
1065 2653 1203 2714 aeneas’.
1239 2654 1278 2712 At
1299 2655 1389 2729 prius
1412 2671 1541 2713 necesse
1561 2656 1625 2728 est,

402 2754 437 2809 ut
464 2751 504 2810 de
530 2752 769 2828 epigrammatis
797 2753 936 2812 textibus
962 2753 1114 2828 diversis,
1146 2745 1185 2812 de
1206 2753 1325 2828 quibus
1346 2752 1409 2811 iam
1431 2752 1542 2827 paucis
1564 2749 1628 2809 dixi

405 2847 423 2926 ξ
447 2849 501 2924 29,
526 2851 706 2909 accuratius
729 2851 904 2910 videamus.

443 2948 624 3022 Proponam
642 2949 812 3008 lectoribus
828 2949 971 3008 lectionis
987 2950 1170 3008 varietatem
1185 2950 1217 3008 in
1233 2947 1457 3008 traditionibus
1471 2947 1627 3023 epigram·

401 3045 495 3103 matis
514 3044 650 3104 diversis
665 3047 792 3105 obviam
807 3047 934 3106 omissis
950 3048 999 3105 vel
1014 3047 1163 3106 correctis
1178 3047 1382 3105 librariorum
1397 3045 1562 3104 erroribus
1573 3043 1624 3120 35).

402 3142 513 3200 Denuo
535 3160 647 3202 moneo
667 3144 700 3202 in
722 3145 776 3203 tali
794 3144 1030 3220 disquisitione,
1055 3145 1086 3202 iu
1106 3145 1193 3219 quali
1211 3162 1298 3203 nunc
1316 3160 1491 3218 versemur,
1517 3143 1627 3202 sedulo

400 3240 598 3299 distinendas
629 3259 700 3300 esse
730 3243 916 3302 traditiones
945 3243 1212 3319 epigrammatum
1240 3242 1385 3300 diversas
1413 3258 1532 3316 easque
1560 3241 1627 3298 dili-

400 3340 511 3413 genter
542 3341 758 3415 segregandas
790 3340 830 3399 ab
861 3340 900 3398 iis
932 3340 1179 3415 mutationibus,
1214 3339 1333 3414 quibus
1363 3341 1469 3398 textus
1498 3338 1626 3398 obnoxii

401 3440 477 3494 sunt
498 3439 627 3512 propter
648 3455 772 3497 errores
794 3456 812 3497 a
833 3438 973 3496 librariis
995 3439 1191 3498 commissos
1230 3439 1325 3498 Ecce:

543 3535 647 3595 Schol.
672 3536 763 3595 Pind.
968 3537 1148 3596 Athenaeus
1351 3536 1543 3595 Plutarchus

527 3631 778 3711 (Theopompus)
932 3635 936 3641 “
951 3632 1166 3712 (Chamaeleo)

505 3733 587 3792 trad.
612 3733 638 3791 A
658 3733 792 3808 integra.
957 3733 1012 3808 qni
1033 3734 1170 3792 utuntur
1192 3732 1401 3807 scriptoribus
1424 3749 1496 3790 cum
1519 3731 1559 3789 ad

958 3831 1040 3889 trad.
1066 3831 1090 3888 A
1111 3833 1179 3890 tum
1202 3831 1242 3890 ad
1267 3830 1288 3889 S
1311 3829 1555 3905 pertinentibus.

401 3937 427 3996 1.
455 3957 483 3996 v.
509 3938 535 3996 1.
560 3935 753 4016 ἀγχεμάχων
953 3935 1151 4016 εὐθυμάχων
1354 3934 1526 4014 ἰθυμάχων

399 4036 427 4094 2.
453 4054 482 4094 v.
507 4036 535 4094 2.
559 4034 690 4095 ἕστασαν
953 4033 1083 4096 ἐστάδεν
1353 4032 1485 4095 ἐστάδεν

314 4191 317 4202 ,
399 4132 427 4190 3.
552 4130 725 4211 ἐὐχόμεναι
953 4131 1101 4211 εὔχεσθαι
1353 4130 1522 4210 εὐξάμεναι

398 4230 427 4287 4.
452 4248 482 4288 v.
507 4229 534 4288 3.
558 4227 705 4306 ἐβούλετο
952 4229 1090 4310 ἐμήσατο
1353 4228 1486 4308 ἐμήδετο

399 4328 427 4386 5.
559 4323 686 4405 Μήδοις
953 4325 1091 4406 Πέρσαις
1352 4325 1480 4406 Μήδοις

399 4424 426 4482 6.
452 4443 482 4482 v.
506 4425 535 4482 4.
559 4421 689 4501 δόμεναι
950 4423 1114 4503 προδόμεν
1351 4422 1516 4503 προδόμεν

431 4655 466 4718 34)
502 4657 645 4721 Wendling
669 4657 833 4707 PW.—RE.
858 4659 901 4707 Ill.
925 4658 1004 4722 2103,
1030 4658 1121 4708 llaibel
1145 4659 1176 4708 ad
1201 4658 1344 4722 Sophronis
1362 4660 1393 4709 ir.
1412 4657 1444 4708 59
1462 4657 1533 4719 (Dor.
1553 4660 1623 4709 Com.

397 4747 446 4791 eto.
466 4758 488 4804 p.
507 4739 580 4805 163),
600 4742 775 4794 Wilamowitz
792 4743 882 4806 Textg.
901 4758 924 4806 p.
943 4742 1018 4792 1511.
1037 4743 1066 4805 4,
1088 4743 1138 4791 Leo
1156 4744 1274 4806 gr.-rbm.
1295 4744 1377 4807 Biogr.
1397 4759 1420 4806 p.
1439 4743 1488 4792 104
1506 4743 1573 4793 η.“2.

431 4824 465 4889 35)
500 4825 809 4890 Dequibusvid.§33.
