3516 5712
408 535 484 616 (lap.
509 535 578 616 III,
602 537 630 600 9.
999 535 1036 602 al

408 730 472 787 Nec
493 745 569 787 vero
587 746 647 788 v.c.
664 729 882 788 enucleavisse
897 730 1038 805 videtur,
1064 730 1223 804 quomodo
1237 747 1307 806 epp.
1326 731 1404 790 haec
1418 729 1449 790 in
1466 748 1633 808 argumen-

408 826 559 884 tationem
587 827 782 901 quadrarent
811 825 860 902 11).
887 825 1002 888 Hitler
1024 825 1069 902 (p.
1093 827 1152 888 432
1174 826 1280 903 sqq),
1312 829 1364 888 cui
1385 847 1420 888 ea
1444 830 1478 888 in
1502 847 1537 888 re
1558 832 1633 888 mihi

408 925 647 983 assentiendum
674 927 736 1000 est,
767 925 853 998 quod
879 925 1049 984 Aristidem
1077 926 1110 983 in
1132 926 1371 1000 epigrammatis
1395 927 1570 987 afferendis
1598 929 1634 987 de

410 1021 572 1081 Simonide
592 1021 783 1098 cogitavisse
803 1025 914 1098 negat,
938 1022 1043 1081 locum
1065 1025 1170 1081 tamen
1194 1040 1258 1082 non
1279 1040 1415 1098 prorsus
1436 1026 1634 1101 expedivisse

409 1120 534 1178 videtur
551 1120 604 1196 (cf.
624 1119 707 1178 infra
724 1137 756 1178 n.
774 1118 928 1194 146119).
950 1117 1174 1179 Witomowt'tr
1184 1138 1215 1194 p.
1227 1119 1285 1180 317
1297 1121 1357 1180 hoc
1368 1122 1407 1180 (16
1415 1123 1474 1182 hoc
1484 1123 1554 1183 loco
1565 1125 1634 1182 tulit

407 1216 574 1276 iudicium:
600 1215 644 1276 ‘er
667 1215 724 1293 (sc.
748 1215 818 1293 Ar.)
842 1217 897 1275 hat
918 1218 1123 1276 unmittelbar
1146 1218 1262 1276 vorher
1283 1218 1434 1278 Gedichte
1456 1220 1512 1279 des
1535 1221 1633 1281 Simo·

409 1315 515 1389 nideS,
540 1315 622 1374 auch
644 1314 849 1390 Epigramma
872 1312 994 1389 (delites
1016 1315 1084 1373 und
1105 1314 1256 1390 lalsches)
1280 1316 1377 1390 citirt;
1400 1317 1487 1376 dann
1510 1319 1585 1394 geht
1601 1336 1634 1377 er

409 1431 448 1471 zu
469 1413 531 1471 (1611
552 1411 725 1472 Gedichten
747 1412 804 1470 der
822 1412 1046 1488 Perserlrriege
1064 1411 1153 1487 iiber,
1178 1413 1255 1472 aber
1269 1413 1366 1472 deren
1381 1416 1549 1474 Veriasser
1564 1417 1633 1474 sind

408 1511 474 1568 ihm
501 1511 553 1569 die
581 1509 712 1569 Staaten
740 1511 856 1586 selbst,
887 1512 990 1570 denen
1019 1529 1053 1570 er
1075 1512 1175 1570 soiort
1195 1512 1266 1570 ihre
1287 1513 1551 1589 Ruhmredigkeit
1573 1531 1633 1572 von

408 1608 510 1667 ciuem
538 1605 748 1685 Σιμωνίδειος
774 1607 856 1687 ἀνὴρ
884 1611 1050 1669 vorhalten
1078 1610 1158 1669 lissi
1186 1611 1217 1668 (1.
1246 1611 1280 1669 h.
1309 1629 1373 1670 von
1394 1611 1498 1670 einem
1519 1613 1635 1671 Manae

409 1724 470 1765 von
500 1707 760 1766 simonideischer
789 1708 1066 1783 Bescheidenheit,
1096 1708 1148 1767 die
1174 1726 1209 1767 er
1237 1709 1335 1768 selbst
1363 1711 1443 1767 kurz
1464 1728 1566 1769 zuvor
1587 1711 1632 1769 als

409 1804 571 1863 notorisch
591 1803 773 1863 bezeichnet
794 1805 858 1862 hat.
888 1804 963 1862 Also
984 1804 1139 1862 Aristides
1160 1805 1224 1880 legt
1245 1805 1297 1864 die
1317 1804 1635 1882 Gedichtsammlung

409 1903 465 1960 des
489 1901 667 1961 Simonides
688 1918 748 1960 aus
769 1901 826 1960 der
848 1902 944 1961 Hand
966 1920 1021 1960 um
1043 1903 1125 1962 nach
1147 1902 1234 1960 einer
1251 1901 1442 1980 Sammlung
1460 1922 1634 1980 anonymer

410 2001 615 2077 Epigramme
635 2000 692 2058 der
713 2000 797 2058 alten
821 1999 887 2057 Zeit
908 2017 947 2057 zu
969 1998 1114 2075 greiien’.

450 2100 526 2158 Mihi
548 2098 702 2158 orationis
723 2097 822 2156 series
843 2097 921 2156 haec
941 2114 1012 2156 esse
1033 2098 1168 2157 videtur.
1193 2098 1286 2174 Apud
1308 2102 1417 2174 poetas
1438 2101 1557 2177 lyricos
1572 2119 1633 2160 non

410 2198 513 2255 solum
535 2194 672 2254 inveniri
693 2194 871 2253 iactationis
893 2195 1050 2270 exempla,
1076 2198 1108 2253 at
1129 2196 1208 2255 adeo
1229 2196 1424 2256 Simonidem
1446 2201 1543 2272 atque
1564 2199 1634 2256 Pin·

409 2295 525 2353 darum
563 2311 600 2352 eo
638 2293 838 2368 pervenisse,
873 2296 908 2352 ut
942 2293 976 2351 in
1011 2297 1110 2354 semet
1137 2295 1199 2370 ipsi
1227 2298 1400 2356 conderent
1427 2298 1562 2372 epinicia
1582 2296 1631 2374 13).

410 2393 471 2460 Qui
500 2395 606 2450 autem
634 2391 720 2450 illam
749 2391 799 2450 sui
827 2391 1068 2450 celebrationem
1090 2393 1326 2467 reprobandam
1347 2397 1452 2470 putet,
1476 2396 1504 2453 ei
1527 2397 1634 2455 eodem

410 2491 479 2549 iure
507 2490 683 2565 culpandos
711 2507 782 2548 esse
805 2490 955 2565 athletae,
980 2490 1035 2564 qui
1057 2492 1293 2565 quadamtenus
1315 2493 1431 2568 seipsi
1453 2495 1635 2568 praedicare

409 2589 560 2647 censendi
578 2588 658 2662 sint,
684 2605 756 2646 cum
775 2589 919 2646 mercede
936 2590 1027 2663 pacta
1045 2589 1146 2662 poetis
1157 2587 1196 2664 14)
1217 2607 1252 2648 se
1268 2590 1411 2664 epiniciis
1430 2591 1635 2650 celebrandos

410 2688 531 2744 curent.
566 2684 629 2753 Qui
660 2688 766 2744 autem
797 2685 929 2760 epinicia
958 2685 1172 2761 superbientis
1200 2688 1319 2762 ingenii
1348 2705 1418 2748 esse
1445 2688 1579 2765 iudicet,
1609 2690 1636 2748 ei

411 2801 526 2843 rursus
554 2785 669 2843 stultos
698 2787 794 2858 atque
821 2787 1008 2860 arrogantes
1037 2784 1201 2843 habendos
1230 2802 1301 2843 esse
1327 2803 1398 2862 665,
1429 2787 1484 2861 qui
1506 2789 1634 2862 tropaea

411 2885 570 2957 statuant,
598 2883 631 2940 in
653 2882 771 2956 quibus
793 2883 884 2941 titulo
905 2880 944 2958 15)
967 2882 1110 2941 indicare
1130 2883 1268 2958 soleant,
1297 2900 1361 2957 qua
1382 2885 1414 2942 in
1436 2902 1548 2960 pugna
1569 2886 1636 2959 qui·

410 2981 513 3039 busve
546 2981 744 3056 temporibus
779 2982 929 3041 victoriae
963 2981 1101 3056 palmam
1136 2983 1387 3056 reportaverint;
1404 3005 1407 3010 ¹
1424 2985 1521 3057 atque
1560 2984 1636 3042 adeo

410 3080 675 3154 qualemcumque
695 3080 935 3155 inscriptionem
955 3081 982 3138 ei
1005 3079 1240 3153 reprobandam
1261 3097 1341 3139 esse.
1370 3081 1510 3155 Aspiciat
1531 3084 1636 3140 autern

410 3178 616 3238 adversarius
637 3179 706 3252 ipse
725 3177 949 3251 inscriptiones
971 3177 1158 3250 nonnullas;
1186 3177 1292 3252 ipsum
1314 3178 1634 3253 animadversurum,

411 3324 570 3332 ..-

443 3411 478 3474 12)
513 3412 573 3474 Pag.
592 3409 654 3459 1151
681 3405 780 3459 ‘rhetor
806 3410 869 3459 dnm
895 3410 993 3459 librum
1021 3411 1068 3474 qui
1093 3410 1243 3460 Simonides
1269 3411 1461 3474 epigrammata
1486 3411 1638 3462 continebat

410 3498 518 3560 evolvit,
542 3497 634 3545 statim
658 3495 686 3544 in
709 3495 872 3558 poematium
896 3495 1002 3558 incidit,
1026 3495 1096 3559 quod
1120 3500 1198 3558 poeta
1220 3493 1253 3544 80
1277 3510 1359 3544 annos
1382 3500 1463 3546 uatus
1485 3497 1637 3560 scripserat,

410 3583 461 3631 iarn
486 3597 547 3631 cnm
572 3581 658 3644 pergit
680 3580 811 3642 explicare
829 3581 967 3642 volumen,
991 3580 1111 3628 animum
1130 3581 1244 3629 advertit
1261 3581 1293 3628 ad
1311 3581 1396 3644 elogia
1413 3581 1525 3643 publicis
1543 3595 1637 3630 monu-

410 3667 508 3716 mentis
523 3666 663 3728 deslinata,
677 3679 762 3726 caque
774 3677 817 3712 res
829 3678 891 3712 eum
902 3666 1045 3727 permovit,
1060 3671 1091 3713 at
1100 3665 1243 3727 paulisper
1254 3679 1271 3713 a
1281 3666 1422 3728 proposito
1434 3665 1637 3728 diqrederetur'.

444 3750 478 3813 13)
512 3751 655 3800 Simonidis
678 3751 795 3812 spectare
819 3748 922 3798 videtur
946 3764 985 3812 ep.
1004 3748 1052 3797 115
1076 3752 1117 3799 vel
1135 3747 1217 3813 (quod
1236 3751 1404 3799 verisimilius
1422 3749 1501 3812 duco)
1518 3765 1559 3814 ep.
1576 3749 1636 3812 117,

410 3839 442 3888 ci.
461 3838 544 3887 Η11161
561 3852 584 3899 p.
602 3834 660 3885 131.
686 3834 771 3892 Quem
790 3833 897 3882 Pindari
913 3834 1002 3883 locum
1020 3835 1156 3898 respiciat,
1175 3835 1307 3884 incertum
1325 3839 1374 3884 est.

443 3921 478 3984 14)
513 3921 598 3971 Verba
622 3916 695 3984 παρὰ
720 3921 774 3968 τῶν
798 3921 915 3982 ποιητῶν
941 3917 966 3980 (ἓ
992 3918 1035 3980 (11)
1061 3919 1144 3984 igitur
1169 3925 1291 3983 spectant
1315 3925 1405 3983 poetas
1431 3921 1458 3968 in
1485 3921 1636 3970 universum

410 4022 498 4070 neque
521 4021 581 4056 cum
606 4006 741 4056 Simonide
765 4019 813 4053 nec
836 4019 897 4054 curn
916 4004 1028 4053 Pindaro
1047 4006 1190 4069 quicquam
1209 4020 1350 4055 commune
1368 4005 1479 4068 habent,
1504 4010 1536 4054 ut
1553 4005 1637 4068 Bergk

411 4093 513 4155 putavit
536 4089 662 4154 (11.111);
688 4087 799 4138 ‘ludicra
821 4089 981 4152 certamina,
1006 4104 1120 4153 quorum
1144 4091 1264 4140 encomia
1287 4089 1436 4140 Simonides
1459 4094 1487 4138 et
1509 4089 1638 4140 Pindarus

410 4176 593 4240 scripserunt';
620 4175 703 4223 Η11161
720 4190 744 4237 p.
762 4172 812 4222 235
830 4188 886 4222 rem
904 4175 932 4222 in
950 4174 1037 4222 medio
1055 4174 1258 4239 relinquendam
1277 4176 1388 4226 censuit.

443 4259 479 4322 15)
513 4260 645 4310 Vocabulo
664 4275 728 4309 usus
746 4263 787 4308 est
802 4254 1021 4322 παράγραμμα,
1040 4264 1070 4307 ut
1087 4259 1271 4322 inscriptiones
1285 4260 1415 4310 eiusmodi
1430 4275 1506 4323 prosa
1520 4262 1638 4310 oratione

411 4346 558 4409 confectas,
588 4347 681 4408 quales
711 4345 765 4408 ipse
794 4344 929 4407 laudavit,
958 4343 1135 4406 significaret,
1165 4344 1242 4393 verbo
1268 4346 1340 4395 enim
1366 4341 1534 4410 ἐπίγραμμα
1560 4346 1639 4394 nimis

411 4431 521 4480 metrica
538 4431 570 4478 iis
587 4431 749 4494 temporibus
767 4430 855 4479 inerat
872 4430 944 4479 notio
962 4427 1006 4490 (ct.
1026 4428 1038 4492 ἓ
1056 4428 1072 4478 9
1090 4446 1114 4479 n.
1130 4428 1171 4492 8),
1190 4445 1272 4494 quam
1290 4445 1343 4493 quo
1361 4432 1480 4480 omnium
1499 4431 1638 4493 simplicis-

410 4515 493 4564 simae
515 4515 698 4577 inscriptiones
721 4515 920 4564 denotarentur.
947 4514 1044 4564 Statim
1069 4519 1126 4578 post
1150 4511 1462 4579 νε1ονο11ἒπίγραμμα
1480 4519 1638 4578 usurpatur,

411 4599 536 4664 quoniam
555 4603 614 4648 tum
632 4599 815 4661 inscriptiones
833 4604 861 4648 et
878 4599 959 4649 soluti
977 4604 1005 4649 et
1020 4600 1096 4663 ligati
1114 4601 1255 4664 sermonis,
1276 4615 1390 4664 quarum
1411 4601 1547 4650 nonnullis
1564 4614 1638 4662 mag·

411 4699 472 4732 narn
489 4684 574 4733 inesse
590 4683 711 4746 perhibet
722 4685 848 4733 orationis
860 4685 1018 4748 elationem,
1036 4685 1307 4748 comprehenduntur.
1327 4685 1385 4734 Non
1398 4686 1529 4749 sullragor
1541 4685 1639 4746 lleilio,

411 4770 458 4832 qui
476 4769 538 4818 dicit
555 4767 706 4818 adhibuisse
723 4769 855 4817 rhetorem
876 4769 1033 4818 vocabulum
1050 4765 1254 4833 παράγραμμα
1274 4775 1378 4834 propter
1391 4771 1517 4820 orationis
1529 4771 1638 4819 titulum

410 4849 470 4916 περὶ
488 4856 533 4902 τοῦ
551 4849 809 4918 παραφθέγματος.
