3516 5712
754 505 811 568 147
1222 504 1242 585 1
1265 506 1394 569 sc-ss.

206 696 306 756 Tituli
326 698 432 756 autem
453 695 497 754 illi
518 695 550 754 in
574 694 731 770 Cephalae
751 696 839 755 fonte
858 693 944 772 (Gor.
960 693 1048 770 Mel.)
1068 712 1132 753 non
1151 691 1271 774 ἄδηλον
1291 693 1397 771 (ἀδέσ-

168 793 279 871 νιοτον)
309 793 412 852 tuisse
438 793 597 852 videntur.
632 793 724 861 Quod
752 794 837 852 enim
865 796 1000 866 uterque
1029 793 1141 852 titulus
1168 793 1328 867 ascriptus
1350 796 1398 853 est

169 893 407 968 epigrammati,
445 892 531 966 quod
566 888 785 950 Dioscorides
818 891 1015 966 epigramma
1050 891 1082 949 in
1117 891 1227 950 eodem
1263 909 1398 952 versans

168 993 360 1066 argumento
385 990 517 1065 excipit,
548 989 580 1047 id
609 1006 745 1064 arguere
772 989 850 1048 mihi
879 989 1005 1048 videtur
1029 989 1225 1064 Meleagrum
1248 991 1398 1049 neutrum

168 1088 303 1147 alterum
322 1105 372 1163 ep.
390 1088 519 1163 proprio
536 1104 670 1145 ornasse
688 1087 793 1161 titulo,
816 1087 871 1144 sed
890 1086 1111 1145 continuatum
1130 1087 1271 1146 voluisse
1288 1089 1399 1161 poetae

167 1186 408 1261 epigrammatis
420 1185 647 1260 praecedentis.
666 1185 794 1259 Postea,
812 1187 844 1243 at
856 1187 929 1246 ante
941 1184 1128 1259 Cephalam,
1144 1185 1259 1258 aliquis
1270 1186 1398 1243 titulum

167 1284 280 1342 deesse
300 1285 392 1342 ratus
413 1285 574 1342 auctorem
599 1281 777 1340 ‘incertum'
800 1282 951 1360 indicavit
975 1280 1028 1357 (ci.
1056 1280 1075 1358 ξ
1098 1281 1189 1340 9611.
1216 1280 1299 1357 143).
1329 1283 1399 1341 Hoc

167 1381 197 1438 in
222 1380 416 1455 anthologiis
437 1397 666 1454 saepenumero
687 1397 749 1437 usu
772 1379 900 1439 venisse
920 1379 983 1438 iam
1004 1378 1124 1438 Jacobs
1146 1379 1328 1453 suspicatus
1349 1384 1399 1439 est

170 1477 248 1554 (vid.
273 1478 477 1552 Weisshiiupl
498 1495 528 1552 p.
554 1475 625 1552 33),
650 1477 689 1535 cf.
715 1478 840 1535 Hecker
862 1477 983 1536 domm.
1006 1475 1050 1535 II.
1073 1476 1140 1536 103.
1168 1477 1220 1536 Sic
1240 1495 1302 1552 eg.
1323 1495 1395 1552 epp.

168 1577 201 1634 V.
230 1576 287 1635 199
316 1593 365 1650 sq.
391 1577 466 1634 sunt
487 1572 606 1654 ἄδηλα,
638 1576 694 1634 sed
715 1576 784 1637 sine
805 1576 870 1633 ullo
891 1575 989 1632 dubio
1010 1592 1081 1632 cum
1105 1575 1250 1633 Heelrero
1271 1573 1315 1634 II.
1340 1575 1398 1635 105

168 1674 311 1749 Hedylo,
343 1674 464 1733 auctori
492 1674 732 1749 epigrammatis
759 1674 794 1732 V.
820 1672 894 1748 198,
925 1675 1002 1731 sunt
1029 1673 1236 1747 assignanda.
1272 1673 1398 1732 Diosco-

167 1772 253 1830 rides
281 1772 381 1847 igitur
409 1789 473 1830 non
502 1772 605 1830 solum
634 1771 725 1846 prius
753 1773 927 1845 utrumque
948 1770 1081 1828 confecit
1102 1770 1316 1846 epigramma,
1342 1771 1398 1829 sed

167 1871 261 1928 etiam
279 1870 427 1928 alterum.
451 1869 578 1928 Solebat
597 1869 714 1928 scilicet
731 1869 998 1944 epigrammatum
1017 1867 1153 1926 condere
1161 1865 1286 1944 parim·
1302 1885 1398 1942 quem

168 1984 289 2026 morem
321 1967 392 2025 aliis
423 1983 551 2040 quoque
581 1967 849 2041 epigrammaticis
880 1966 981 2040 poetis
1012 1965 1114 2023 fuisse
1145 1983 1207 2040 eg.
1231 1966 1398 2040 Antipatro

170 2065 302 2124 Sidonio
333 2065 367 2122 in
399 2064 496 2123 altera
524 2065 555 2122 h.
585 2081 697 2122 comm.
727 2065 818 2137 parte
843 2049 1034 2122 'videbimus
1070 2064 1176 2122 Unum
1205 2064 1398 2122 Dioscoridis

167 2163 436 2238 epigrammatum
458 2179 518 2237 par
537 2162 699 2237 integrum
720 2164 854 2220 aetatem
876 2161 947 2220 tulit
969 2163 1065 2236 atque
1082 2161 1114 2219 id
1132 2164 1220 2220 extat
1236 2161 1268 2219 in
1288 2161 1398 2220 eodem

168 2260 348 2335 Meleagreo
369 2260 562 2336 fragmento,
587 2277 652 2334 quo
670 2259 822 2334 leguntur
839 2276 910 2334 epp.
928 2259 961 2316 in
980 2258 1172 2333 Spartanos:
1196 2277 1239 2318 sc.
1254 2260 1324 2318 VII.
1339 2260 1399 2320 410

167 2361 264 2433 atque
285 2359 343 2416 411
367 2358 399 2416 in
421 2357 621 2432 Thespidem.

206 2457 278 2515 Non
308 2456 407 2531 igitur
434 2456 599 2530 miramur,
630 2455 716 2529 quod
745 2455 785 2513 ab
814 2455 911 2514 altera
940 2457 1030 2529 parte
1058 2472 1131 2514 cum
1159 2455 1398 2530 epigrammatis

168 2553 238 2612 VII.
272 2553 330 2613 431
364 2556 432 2612 tum
460 2553 533 2613 VII.
562 2552 621 2612 352
652 2552 807 2612 rationem
840 2552 964 2611 dicendi
993 2552 1208 2611 Dioscoridem
1236 2555 1397 2613 auctorem

169 2651 276 2726 arguit
300 2649 379 2726 (qua
400 2651 439 2708 de
460 2667 495 2709 re
516 2650 579 2708 vid.
597 2650 650 2708 alt.
668 2651 699 2707 b.
718 2668 743 2709 c.
761 2649 820 2726 p).
845 2649 907 2717 Qui
928 2650 968 2707 de
989 2650 1058 2710 aliis
1080 2651 1217 2726 cogitent
1232 2649 1397 2727 1101111112)

168 2765 270 2823 aeque
298 2751 409 2807 errant
436 2751 532 2823 atque
559 2749 597 2823 ii,
628 2749 683 2822 qui
711 2748 804 2807 aliam
831 2748 997 2806 titulorum
1019 2751 1131 2822 putent
1152 2766 1222 2807 esse
1243 2749 1398 2824 originem

168 2863 228 2922 eg.
257 2846 480 2922 Stadtmiiller,
511 2847 567 2921 qui
595 2844 629 2906 II
658 2864 688 2921 p.
711 2847 883 2905 LXXXVII
905 2864 944 2905 ex
965 2847 1064 2905 altero
1086 2848 1259 2922 archetypo
1280 2843 1399 2924 ἄδηλον

168 2961 207 3002 ex
236 2945 338 3004 altero
369 2947 478 3018 poetae
509 2962 625 3002 nomen
657 2945 809 3003 haustum
841 2962 913 3002 esse
940 2944 1116 3003 arbitratur
1134 2942 1197 3020 113).
1232 2945 1398 3004 Habemus

167 3043 325 3102 eiusmodi
354 3043 566 3101 coniecturam
594 3043 805 3117 correctoris,
837 3025 963 3116 qualem
985 3043 1047 3102 iam
1071 3039 1091 3118 ἓ
1114 3042 1152 3101 85
1174 3042 1398 3102 animadverti·

168 3157 240 3198 mus
261 3141 295 3198 in
318 3140 411 3199 titulo
431 3140 466 3199 V.
489 3139 525 3198 31
549 3137 669 3219 ἄδηλον
689 3141 715 3198 Α
737 3139 766 3199 οἱ
788 3137 822 3199 δὲ
843 3136 1012 3217 Νικάρχου
1034 3140 1075 3214 0,
1100 3157 1187 3199 nunc
1208 3157 1300 3216 vero,
1325 3158 1398 3199 cum

168 3239 196 3295 ei
223 3240 352 3313 praeter
379 3238 588 3312 manuscripti
616 3238 657 3296 ab
685 3239 711 3296 Α
736 3238 857 3297 exarati
878 3238 1103 3296 correctionem
1126 3238 1219 3298 etiam
1242 3239 1398 3314 epigram·

168 3336 261 3394 matis
289 3335 374 3394 tituli
401 3335 595 3410 appingendi
623 3337 746 3410 essent,
778 3336 805 3393 is
834 3352 920 3393 unus
947 3337 1049 3394 totum
1077 3333 1421 3413 11111111111ἅδι11ονοίΙ

170 3429 204 3490 δὲ
223 3429 412 3509 Σιμωνίδου
434 3433 570 3508 scripsit.
1001 3500 1019 3516 .
1345 3451 1347 3454 ·

211 3528 228 3607 5
251 3530 301 3590 88.
339 3528 390 3589 De
410 3528 676 3607 epigrammatis
697 3529 760 3590 116
781 3528 878 3590 tituli
896 3527 1041 3606 origine.
1077 3529 1396 3607 111111611111147)

168 3627 200 3686 in
219 3629 365 3687 Palatino
383 3631 533 3711 ornatum
550 3632 598 3687 est
617 3629 709 3687 titulo
727 3629 878 3704 ambiguo
896 3625 1081 3705 Σιμωνίδου
1100 3627 1131 3686 οῖ
1149 3626 1183 3686 δὲ
1199 3624 1340 3706 Σιμμίου
1357 3629 1396 3701 Ο;

168 3729 336 3786 auctorum
359 3726 525 3785 nominum
548 3726 721 3785 similitudo
743 3726 833 3784 docet
855 3726 941 3783 hunc
962 3725 1120 3800 duplicem
1141 3725 1269 3784 titulum
1291 3728 1397 3784 ortum

168 3839 238 3883 esso
265 3841 304 3883 ex
334 3825 445 3898 poetae
472 3825 576 3882 indice
604 3842 668 3883 non
695 3824 862 3899 perspicue
888 3826 1028 3883 exarato.
1063 3822 1251 3897 corruptela
1272 3823 1334 3882 iam
1357 3823 1397 3882 ad

169 3921 342 3996 Cephalum
368 3922 471 3980 redire
492 3922 635 3997 videtur,
666 3940 741 3981 nam
764 3922 924 3981 Planudes
946 3921 1165 3996 Cephalanum
1187 3920 1315 3980 titulum
1337 3921 1397 3979 sol-

169 4023 257 4079 verat
271 4016 411 4096 Συμίου.
430 4019 608 4088 Quemnam
623 4020 762 4095 titulum,
779 4016 976 4095 Σιμωνίδου,
993 4016 1145 4094 Σιμμίου,
1163 4015 1290 4095 Σαμίου
1305 4019 1397 4078 Μ111-

169 4118 237 4192 agri
256 4119 400 4192 Corona,
424 4117 457 4176 in
473 4118 565 4177 cuius
580 4119 761 4194 fragmento
775 4118 971 4193 epigramma
986 4119 1088 4192 extat,
1114 4117 1277 4192 habuerit,
1302 4118 1397 4176 inter·

171 4242 330 4251 ——-

203 4311 248 4374 112)
284 4315 436 4378 Utrumque
466 4315 576 4364 tortasse
607 4316 744 4378 Antipatro
770 4315 859 4364 Thess
890 4314 1063 4364 tribuendum
1093 4313 1269 4364 Stadtmiiller
1292 4319 1396 4376 censet,

169 4397 223 4445 Vll.
240 4397 286 4448 131
308 4398 439 4447 Leonidae
458 4399 550 4462 Bergk.
572 4398 611 4448 Cf.
629 4400 710 4448 etiam
729 4414 792 4448 ann.
808 4414 863 4463 seq.

205 4480 248 4541 113)
284 4483 463 4532 Reitzenstein
483 4481 619 4546 11116111.
637 4498 717 4532 unam
733 4499 763 4532 ex
779 4484 832 4533 illis
847 4482 1040 4533 imitationibus
1056 4483 1227 4531 Dioscorideis
1239 4497 1296 4532 esse
1308 4486 1399 4545 putat,

170 4565 266 4628 quibus
279 4567 416 4616 falsarium
429 4567 546 4630 aliquem
560 4566 726 4616 Simonideae
739 4567 859 4631 Sylloges
871 4569 1012 4617 editionem
1027 4567 1275 4629 Peloponnesiacam
1289 4566 1327 4628 (et
1339 4581 1397 4616 ean]

171 4649 307 4714 ficticium,
325 4649 338 4712 ἓ
356 4649 399 4712 38)
417 4651 615 4715 interpolavisse
636 4652 718 4701 linxit.
737 4653 810 4702 Hanc
828 4658 919 4702 cirtem
938 4653 1031 4701 miram
1050 4651 1199 4714 opinionem
1218 4653 1303 4702 11111.
1318 4653 1399 4701 tacite

171 4735 289 4786 reiecisse
304 4737 409 4786 videtur
424 4736 571 4787 PW.-RE.
585 4737 614 4786 V.
630 4736 695 4786 liar
711 4753 764 4800 sq.,
782 4753 842 4786 curn
857 4744 949 4787 contra
962 4737 1112 4800 suspicetur
1125 4737 1265 4786 Dioscoridi
1278 4735 1328 4802 (ep.
1338 4735 1399 4798 430)

170 4834 212 4882 ep.
229 4815 540 4884 ‘psalmo-Simonideum‘
560 4821 697 4871 materiem
716 4821 875 4884 praebuisse.

1249 4903 1299 4958 10*
