3516 5712
759 533 795 596 m
1218 531 1238 614 a
1260 533 1389 596 n-n.

167 725 243 786 mati
270 724 428 786 adiectum
456 724 584 802 legitur,
616 724 709 784 aliam
737 724 975 800 explicationem
1004 723 1116 798 habet,
1148 740 1245 798 quam
1270 741 1334 798 qua
1360 725 1393 783 in

167 827 276 900 poetae
294 825 491 883 auctoritatis
507 824 630 899 origine
643 823 813 882 indicanda
828 823 875 881 uti
890 824 1039 882 solemus.
1065 824 1110 881 Dc
1122 823 1200 881 locis
1215 822 1394 897 praecipuis

167 922 259 981 nobis
279 923 344 980 iarn
365 922 398 979 in
420 939 487 995 cap.
513 922 528 979 l
551 922 647 995 atque
668 921 701 978 ΙΙ
723 921 892 980 dicendum
915 923 992 980 erat.

206 1020 444 1079 Herodotus
472 1020 543 1078 Vll.
576 1019 634 1078 228
662 1018 771 1077 laudat
799 1036 869 1093 epp.
895 1018 949 1094 91,
981 1019 1035 1094 92,
1067 1018 1121 1093 94,
1153 1035 1236 1092 quae
1261 1034 1334 1076 eum
1355 1035 1394 1076 ex

165 1118 336 1176 traditione
366 1117 525 1192 Spartana
557 1117 708 1191 petivisse
736 1116 875 1174 vidimus
905 1114 940 1193 (3
971 1113 1033 1191 17).
1069 1117 1190 1174 Nomen
1221 1114 1394 1174 Simonidis

165 1215 386 1291 epigrammati
408 1215 445 1274 94
468 1215 625 1274 adiectum
649 1232 712 1274 non
732 1214 970 1290 epigrammatis
989 1215 1166 1288 auctorem,
1191 1213 1246 1272 sed
1261 1213 1393 1288 inscrip-

165 1313 261 1372 tionis
289 1313 501 1372 dedicatorem
528 1315 648 1388 spectat
677 1310 711 1389 (3
734 1312 751 1371 9
774 1311 850 1387 sq).
886 1311 978 1395 Quod
1000 1312 1266 1387 epigrammatum
1287 1313 1394 1370 textus

166 1412 206 1470 ab
235 1411 397 1469 Herodoto
427 1411 545 1469 servati
573 1411 704 1486 genuini
733 1412 825 1485 sunt,
860 1410 929 1468 eius
958 1409 1002 1469 rei
1032 1409 1123 1467 nobis
1151 1409 1220 1467 eius
1248 1411 1394 1467 auctores

166 1508 240 1566 fidei
262 1511 348 1567 sunt.
374 1509 488 1582 ltaque
508 1508 747 1584 epigrammatis
769 1507 807 1567 92
829 1508 950 1566 formas
971 1511 1091 1566 ceteras
1113 1525 1131 1566 a
1153 1507 1271 1580 torma,
1297 1523 1393 1581 quam

167 1606 350 1665 Herodotus
372 1607 521 1681 praebeat
545 1604 576 1682 (a
598 1624 649 1664 me
669 1605 854 1681 insignitam
876 1604 926 1680 A¹,
951 1605 990 1663 01.
1015 1603 1033 1681 3
1054 1603 1118 1680 44),
1143 1605 1303 1664 derivatas
1324 1621 1395 1663 esse

166 1704 355 1763 concludere
372 1722 550 1779 possumus
574 1703 627 1782 (ci.
654 1701 673 1781 3
699 1701 759 1779 18).

206 1801 366 1869 Quartum
387 1819 435 1877 ep.
455 1803 528 1877 132,
553 1802 639 1876 quod
655 1801 739 1876 apud
756 1801 955 1860 Herodotum
969 1802 1085 1876 legitur
1099 1802 1135 1860 V.
1153 1801 1205 1875 77,
1231 1817 1394 1875 nusquam

169 1899 342 1958 Simonidis
373 1901 499 1959 nomine
520 1902 654 1959 ornatur
677 1893 773 1974 atque
794 1900 875 1958 falsa
897 1899 1045 1958 Aristidei
1066 1899 1125 1957 loci
1148 1897 1200 1974 (de
1221 1899 1390 1973 paraphth.

166 1997 224 2056 512
247 1998 283 2056 D.
308 2022 348 2045 =
371 1997 427 2056 162
450 1995 503 2073 Κ.)
531 1998 791 2072 interpretatione
819 1995 853 2073 (3
877 1994 929 2072 55)
955 1995 1145 2055 Simonideis
1167 1995 1278 2054 aviris
1293 1995 1394 2054 doctis

166 2098 214 2153 est
235 2095 440 2154 accensitum.

208 2189 304 2268 343.
351 2191 581 2269 Thucydides,
610 2190 865 2269 Apollodorus,
896 2189 1106 2252 Aristoteles.
1152 2191 1393 2266 Thucydides

166 2289 193 2346 I.
225 2290 282 2349 132
315 2291 410 2349 aiiert
441 2307 489 2365 ep.
520 2290 577 2349 138
606 2291 757 2348 nimirum
786 2275 855 2349 sine
883 2289 1021 2348 auctoris
1050 2289 1178 2348 nomine
1208 2286 1302 2364 (trad.
1333 2286 1390 2364 A),

169 2387 342 2447 Simonidis
364 2389 479 2447 dicitur
493 2389 690 2464 epigramma
704 2388 801 2462 idque
816 2389 903 2447 textu
919 2389 1077 2446 mutatum
1093 2387 1155 2444 AP.
1180 2387 1232 2444 VI.
1253 2386 1309 2445 197
1326 2384 1390 2462 (S).

166 2485 257 2544 Unde
279 2486 481 2561 Thucydides
503 2487 713 2562 epigramma,
743 2486 829 2561 quod
851 2502 889 2544 ex
911 2486 1118 2543 monumento
1139 2485 1209 2559 ipso
1229 2485 1394 2559 acquirere

166 2601 231 2642 non
252 2585 358 2663 potuit
379 2583 413 2662 (3
436 2582 507 2660 34),
532 2585 667 2659 adeptus
690 2584 744 2659 sit,
770 2600 834 2642 non
857 2586 951 2658 patet.
977 2583 1118 2642 Alterum
1140 2601 1188 2658 ep.
1214 2583 1299 2658 apud
1320 2601 1394 2643 eum

168 2681 236 2759 (Vl.
261 2680 313 2757 59)
337 2682 467 2742 obvium
495 2685 543 2741 est
564 2701 613 2757 ep.
640 2681 713 2757 111,
744 2685 774 2741 01
795 2682 902 2756 ipsum
924 2680 993 2739 sine
1014 2681 1154 2740 auctoris
1175 2681 1304 2741 nomine
1326 2679 1391 2759 (A).

165 2767 303 2840 Unicum
321 2783 369 2839 est
387 2781 597 2856 epigramma,
622 2781 708 2855 quod
723 2780 756 2839 in
774 2780 903 2856 Sylloge
918 2779 1051 2838 aiiuisse
1066 2780 1185 2838 scimus
1202 2777 1254 2856 (ci.
1271 2777 1290 2856 3
1308 2776 1391 2855 133),

165 2895 365 2952 quamquam
386 2878 419 2937 in
440 2879 522 2938 trad.
550 2878 571 2938 S
595 2895 756 2953 nusquam
778 2878 950 2936 invenitur.
975 2876 1147 2937 Simonidis
1163 2877 1247 2936 enim
1268 2877 1393 2936 ostiam

164 2976 253 3051 apud
274 2976 490 3052 Aristotelem,
511 2969 586 3051 'quo
609 2976 813 3035 collectorem
835 2993 930 3034 usum
953 2992 1024 3033 esse
1046 2974 1185 3033 vidimus
1209 2972 1243 3051 (3
1267 2975 1330 3051 37).

206 3075 265 3148 Ep.
298 3073 356 3133 133
384 3075 676 3148 Apollodorum
707 3072 899 3150 (Demosth.)
930 3091 955 3132 c.
981 3073 1091 3132 Neaer.
1117 3072 1154 3132 97
1177 3074 1394 3149 desumpsisse

164 3189 204 3230 ex
225 3171 423 3248 Thucydidis
443 3173 511 3232 loco
531 3173 662 3231 laudato
686 3168 737 3250 (A)
761 3171 966 3231 manifestum
987 3173 1045 3230 est.

205 3270 264 3345 Ep.
301 3269 356 3328 111
394 3289 423 3328 v.
458 3271 476 3330 3
514 3269 686 3330 Simonidis
719 3270 906 3329 auctoritate
935 3269 1130 3328 instructum
1161 3269 1276 3345 legitur
1307 3271 1394 3345 apud

164 3368 431 3427 Aristotelem
453 3369 512 3427 Rh.
538 3369 563 3426 I.
589 3368 617 3427 9.
637 3367 684 3426 31.
702 3368 848 3427 Recurrit
862 3367 969 3425 itidem
985 3367 1025 3426 ad
1041 3367 1275 3442 Thucydidem,
1294 3367 1393 3442 philo·

164 3466 288 3540 sophus
310 3483 403 3541 vero,
427 3484 500 3526 cum
521 3467 554 3524 in
575 3466 790 3540 disputatione
812 3465 952 3525 uectore
972 3465 1123 3525 carminis
1144 3465 1171 3523 01
1193 3482 1274 3539 opus
1292 3469 1390 3542 esset,

164 3564 204 3622 de
224 3565 407 3623 coniectura
431 3563 625 3623 Simonidem
646 3565 715 3623 eius
743 3565 868 3639 poetam
896 3563 997 3622 1111000
1023 3563 1115 3621 finxit
1146 3561 1180 3640 (3
1203 3560 1267 3638 37).
1305 3563 1394 3631 Quae

164 3661 305 3737 suspicio
327 3679 405 3720 num
429 3679 502 3720 vera
525 3662 636 3737 fuerit,
661 3662 904 3736 disquirendum
927 3663 1055 3720 demum
1077 3662 1136 3720 erit
1153 3660 1186 3718 in
1202 3661 1300 3720 altera
1315 3662 1346 3720 h.
1364 3680 1390 3722 c.

164 3763 264 3835 parte.
290 3760 456 3819 Aristotele
477 3761 557 3820 duce
578 3778 626 3835 ep.
651 3760 738 3835 apud
760 3760 979 3837 Thucydidem
997 3761 1100 3820 totum
1118 3760 1249 3818 obvium
1262 3760 1295 3818 in
1313 3759 1389 3836 Syll.

167 3857 244 3916 Sim.
269 3859 387 3932 recepit
407 3857 560 3917 Collector
581 3891 613 3899 -
634 3875 675 3916 an
693 3859 870 3933 integrum,
895 3876 968 3917 cum
985 3859 1066 3918 trad.
1088 3857 1269 3932 Sperierit,
1293 3858 1392 3917 incer·

163 3958 233 4014 tum
265 3989 305 3996 —
338 3955 434 4014 simul
470 3956 625 4016 Simonidi
658 3957 825 4015 vindicans
857 3955 1015 4015 distichon
1047 3972 1244 4030 anonymum
1276 3955 1392 4014 ibidem

163 4053 297 4112 obvium
321 4051 403 4129 (coll.
428 4053 453 4112 Ι.
480 4054 506 4112 7.
532 4051 583 4129 32)
606 4055 638 4111 in
661 4054 902 4130 Olympionicen
924 4055 1084 4128 quendam
1108 4052 1169 4130 (ep.
1200 4051 1283 4129 163),
1307 4055 1392 4128 quod

163 4151 197 4208 in
221 4151 352 4226 Sylloge
371 4152 487 4211 lectum
508 4154 556 4210 est
577 4152 618 4211 ab
639 4152 851 4227 Aristophane
873 4153 1027 4228 Byzantio
1051 4150 1109 4229 (33
1133 4152 1181 4227 37,
1208 4150 1290 4227 116).

207 4247 226 4326 3
263 4249 313 4308 44.
366 4247 417 4309 De
450 4247 573 4309 formis
608 4248 873 4327 epigrammatis
909 4249 965 4310 92.
1018 4252 1232 4326 Lycurgus
1268 4251 1394 4309 exhibet

165 4347 273 4406 Leocr.
301 4345 358 4405 109
380 4346 443 4405 duo
465 4349 613 4422 deinceps
635 4349 864 4424 epigrammata
886 4349 923 4407 92
945 4348 1042 4407 0199.
1067 4349 1137 4407 Ηο0
1156 4351 1262 4407 autem
1277 4349 1393 4407 iniuria

164 4445 247 4502 iuter
271 4443 453 4504 Simonides
475 4445 599 4504 laudari
622 4446 717 4521 solet,
742 4465 817 4505 nam
839 4463 1001 4521 nusquam
1025 4446 1240 4506 Simonideam
1258 4447 1393 4505 auctori-

164 4543 261 4600 tatem
276 4559 355 4616 prae
369 4560 403 4600 se
417 4543 477 4602 fert
493 4546 588 4618 atque
602 4561 641 4602 ex
652 4545 761 4603 eodem
773 4545 841 4603 1000
853 4544 1025 4619 Aristideo,
1050 4561 1146 4618 quem
1158 4545 1220 4604 iam
1235 4543 1279 4622 33
1292 4543 1328 4602 41
1342 4560 1390 4617 sq.

165 4641 428 4715 commemoravi,
467 4642 549 4700 male
583 4642 738 4702 intellecto
776 4641 967 4701 Simonideis
1003 4641 1219 4701 adiudicatum
1257 4646 1313 4702 est.
1349 4642 1394 4701 De

166 4737 264 4796 variis
291 4737 388 4796 huius
416 4739 654 4814 epigrammatis
683 4739 794 4798 formis
816 4740 981 4815 disputare
1009 4757 1095 4798 nunc
1121 4741 1218 4816 igitur
1248 4758 1393 4815 superse·

165 4835 241 4894 dere
263 4852 412 4911 possum,
438 4837 476 4895 ci.
502 4838 607 4896 tamen
632 4835 651 4914 3
674 4837 722 4897 59.

1278 4935 1294 4986 3
