3516 5712
478 507 554 582 Cap.
580 505 648 583 111,
675 508 721 567 14.
1061 509 1117 570 124

476 695 637 754 diversam
664 697 880 755 condicionem
902 698 1102 757 observasse.
1133 700 1240 758 Unum
1263 716 1311 774 ep.
1339 696 1380 776 (i)
1403 717 1442 758 ex
1464 700 1585 760 Corona
1606 702 1651 759 Me

476 809 572 868 agrea
594 794 782 854 arcessitum
803 797 867 869 est,
896 812 1008 854 cuma
1032 797 1171 871 Diogene
1192 799 1260 855 tum
1282 814 1300 855 a
1323 797 1476 872 Cephala3
1504 799 1565 857 duo
1588 797 1632 875 (e,

476 907 515 949 ex
543 891 614 950 (ior.
644 910 662 950 a
685 892 824 967 Diogene
844 893 960 952 hausta
983 893 1140 968 Cephalus
1162 911 1279 953 rursus
1300 894 1334 952 in
1355 894 1574 971 Antbologiam
1595 899 1651 955 trar

476 988 560 1062 tulit;
594 1007 696 1049 unum
727 990 865 1064 denique
894 989 955 1067 (ο),
988 991 1073 1065 quod
1095 991 1243 1066 scriptori
1265 992 1497 1067 Ps.-Aristipp0
1518 993 1651 1052 debetD

476 1102 589 1162 ganea,
613 1105 653 1146 ex
667 1089 792 1148 Corona
807 1091 970 1148 servatum
986 1091 1034 1147 est
1050 1089 1082 1147 iu
1098 1089 1160 1148 ΑΡ.
1187 1089 1292 1149 Huius
1308 1091 1545 1166 epigrammatis
1559 1091 1651 1149 condi

476 1199 512 1241 eo
539 1187 587 1243 est
615 1186 793 1261 notabilior,
818 1187 903 1260 quod
932 1203 1067 1261 prorsus
1095 1187 1269 1247 consimilis
1292 1190 1341 1246 est
1363 1189 1443 1248 ratio
1464 1189 1651 1263 epigramma

476 1281 606 1341 alterius
634 1301 673 1342 ex
701 1284 827 1343 duobus
855 1285 918 1343 illis
949 1283 1140 1343 Simonideis
1169 1285 1255 1360 apud
1282 1286 1454 1361 Diogenem
1476 1286 1592 1360 obviis,
1617 1304 1651 1360 qu

476 1379 568 1439 nobis
589 1381 651 1440 iam
672 1382 839 1442 tractanda
861 1383 946 1441 sunt.
981 1381 1153 1442 Simonidis
1175 1383 1259 1442 enim
1281 1385 1329 1441 est
1350 1383 1428 1440 illud
1450 1383 1642 1459 epigramma

475 1477 537 1536 ΑΡ.
562 1496 600 1537 ex
622 1479 798 1555 Meleagrea
821 1480 946 1540 Corona
968 1482 1195 1555 propagatum,
1220 1480 1272 1539 alii
1286 1482 1396 1556 poetae
1410 1479 1562 1539 tribuitur
1576 1480 1651 1555 alioq

475 1575 508 1634 in
536 1578 624 1635 textu
653 1577 823 1652 praebetur
853 1579 939 1653 apud
968 1577 1140 1654 Diogenem
1169 1596 1207 1636 ex
1233 1576 1402 1654 scriptore
1422 1581 1583 1637 servatum
1604 1579 1651 1654 idq

475 1690 514 1731 ex
535 1675 661 1750 eodem,
686 1676 737 1734 cui
759 1676 900 1734 Platonis
924 1673 1131 1752 (Asclepiadis
1147 1674 1227 1752 ΑΡ.)
1248 1677 1444 1752 epigramma
1462 1694 1535 1735 eum
1552 1677 1651 1735 debui

476 1771 631 1847 vidimus,
657 1791 700 1832 sc.
725 1792 765 1832 ex
787 1774 1010 1849 PS.·Aristippi
1031 1774 1113 1833 libro
1133 1771 1205 1852 περὶ
1225 1770 1359 1841 παλαιᾶς
1380 1777 1512 1852 τρυφῆς.

517 1868 536 1946 ἓ
565 1871 611 1930 75.
658 1870 709 1932 De
735 1870 1002 1949 epigrammatis
1030 1871 1279 1948 Empedoclem.
1327 1875 1396 1932 Duo
1427 1872 1608 1932 Simonidca
1636 1890 1651 1930 e

475 1971 670 2044 grammata,
695 1988 778 2044 quae
799 1970 840 2029 ab
861 1971 1054 2029 editionibus
1075 1971 1265 2046 vulgaribus
1287 1972 1398 2046 procul
1421 1973 1497 2029 sunt
1519 1971 1624 2029 habita
1644 1971 1651 2015 i

474 2065 625 2141 leguntur
656 2068 689 2126 in
721 2068 785 2127 vita
813 2068 1023 2143 Empedoclea
1053 2067 1154 2145 (VIII.
1184 2069 1222 2128 60
1250 2067 1337 2146 sqq.)
1367 2069 1474 2144 ibique
1502 2069 1651 2143 Empedm

475 2164 625 2224 dicuntur
653 2167 788 2224 alterum
815 2156 848 2224 in
878 2167 1071 2226 Pausaniam
1100 2167 1257 2225 medicum
1285 2166 1338 2244 (ir.
1365 2167 1423 2226 156
1445 2165 1542 2242 Diels)
1565 2167 1651 2225 alteri

474 2261 507 2319 iu
530 2255 691 2321 medicum
709 2265 862 2323 Aaronem
887 2262 940 2341 (fr.
967 2265 1024 2324 157
1047 2262 1112 2340 D.).

514 2359 606 2434 Apud
636 2361 724 2436 Diog.
751 2362 837 2420 VIII.
870 2362 908 2421 60
938 2360 1057 2438 (Diels,
1089 2363 1174 2422 Poet.
1207 2363 1324 2422 Philos
1356 2364 1408 2422 Fr.
1440 2381 1470 2438 p.
1503 2361 1553 2438 77)
1585 2362 1651 2437 legit

474 2456 565 2529 prius
586 2458 797 2532 epIgramma:
820 2455 860 2537 ἦν
882 2457 947 2519 δ’ὁ
969 2456 1170 2530 Παυσανίας,
1192 2458 1238 2527 ὥς
1259 2482 1355 2539 φησιν
1371 2457 1628 2537 Ἀρίστιππος
1649 2485 1651 2518 2

474 2549 659 2631 Σάτυρος
689 2553 741 2631 (fr.
773 2556 826 2632 12,
858 2558 955 2617 FHG.
979 2556 1041 2617 ΙΙΙ.
1068 2555 1157 2634 163),
1188 2556 1350 2636 ἐρώμενος
1377 2556 1474 2618 αὐτοῦ
1505 2556 1562 2635 (sc.
1588 2559 1651 2632 Em]

474 2649 603 2728 doclis),
628 2649 657 2730 ᾦ
680 2650 718 2731 δὴ
741 2651 794 2712 καὶ
815 2652 851 2714 τὰ
873 2652 953 2732 ΙΙερλ
971 2653 1100 2733 φύσεως
1117 2655 1394 2735 προσπεφώνηκεν
1412 2655 1514 2723 οὕτως
1533 2654 1587 2732 (ir.
1603 2656 1651 2713 il

594 2746 777 2828 Παυσανίη,
800 2748 837 2812 σὺ
860 2749 894 2811 δὲ
915 2750 1009 2812 ulam
1032 2749 1205 2829 δαΐφρονος
1222 2751 1362 2832 Ἀγχίτου
1384 2752 1440 2813 υἰέ.

474 2844 550 2906 ἀλλὰ
572 2846 626 2907 καὶ
647 2847 829 2928 ἐπίγραμμα
851 2849 893 2917 είς
915 2847 1010 2910 αὐτὸν
1031 2849 1191 2929 ἐποίησεν·

501 2968 503 2973 ·
595 2941 781 3026 Παυσανίην
802 2945 908 3027 ἰητρὸν
929 2945 1113 3023 ἐπώνυμον,
1132 2945 1278 3028 Ἀγχίτεαι
1300 2945 1382 3018 υἱόν,

633 3043 729 3122 φῶτ’
746 3043 979 3125 Ἀσκληπιάδην
1000 3042 1109 3122 πατρὶς
1130 3043 1284 3124 ἔδρεφε
1304 3042 1403 3115 Γέλα,

592 3140 627 3208 ὃς
647 3140 822 3210 πολλοὺς
842 3147 1058 3221 μογεροῖσι
1078 3143 1334 3220 μαραινομένους
1355 3140 1575 3218 καμάτοισι

633 3243 743 3318 φῶτας
764 3239 959 3320 ἀπέστρεφεν
981 3239 1186 3320 Φερσεφόνης
1207 3239 1377 3301 ἀδύτων.

474 3338 563 3396 Idem
578 3341 682 3397 autem
698 3340 894 3415 epigramma
907 3337 1085 3400 Simonidi
1099 3339 1288 3399 attributum
1304 3340 1467 3399 invenitur
1479 3340 1541 3399 ΑΡ.
1552 3340 1626 3398 VII.
1646 3341 1651 3398 t

472 3437 505 3494 in
527 3437 707 3511 fragmento
729 3438 905 3512 Meleagreo
923 3436 980 3514 85l:

472 3649 528 3697 epp.
552 3637 696 3685 amatoriis
720 3637 800 3699 s-b,
818 3635 862 3685 lib.
878 3635 907 3684 V.
926 3634 1037 3698 77-79,
1063 3636 1235 3698 annexuerit,
1259 3637 1413 3698 pracsertim
1430 3650 1491 3684 cum
1509 3639 1651 3698 argument

473 3733 511 3780 ep.
535 3734 552 3768 α
575 3721 714 3769 conveniat
737 3736 797 3770 cum
822 3736 879 3783 epp.
898 3720 927 3769 V.
951 3719 983 3768 8⁶2
1005 3735 1062 3784 sqq.
1089 3721 1159 3770 Haec
1176 3736 1218 3770 res
1235 3720 1322 3769 nescio
1340 3735 1373 3769 an
1391 3720 1433 3769 cui
1450 3734 1563 3782 arguere
1583 3720 1651 3768 videa

473 3807 669 3865 curnlalteram
694 3807 788 3855 scriem
813 3805 913 3868 (utram
937 3804 1080 3868 incertum)
1104 3821 1135 3855 ex
1158 3807 1285 3870 Diogene,
1310 3807 1420 3854 alteram
1440 3820 1471 3854 ex
1488 3803 1594 3853 Corona
1612 3820 1651 3854 sur

472 3889 543 3938 sisse.
568 3916 602 3922 -
628 3890 672 3954 Ep.
698 3892 714 3939 a
738 3889 788 3940 ΑΡ.
812 3892 855 3941 lll.
879 3890 912 3940 39
936 3896 1027 3954 poetae
1051 3893 1206 3955 ceteroquin
1224 3892 1308 3956 ignoti
1325 3887 1479 3940 Μαυσικίου
1499 3890 1614 3953 dicitur,
1639 3906 1651 3939 ε

472 3973 505 4022 ib.
523 3974 555 4022 ll
575 3976 710 4024 munitum
728 3981 769 4026 est
786 3977 818 4026 ab
837 3975 857 4024 Α
876 3976 980 4038 (itidem
999 3974 1085 4037 Plan.)
1103 3977 1181 4026 titulo
1199 3972 1360 4025 Στατυλλίου
1382 3970 1524 4036 Φλάκκου,
1546 3976 1591 4025 cui
1610 3975 1651 4024 adi

472 4056 491 4105 C
515 4083 547 4091 -
571 4074 601 4107 ex
626 4061 741 4124 Diogene
766 4063 906 4124 opinor-
923 4056 1068 4114 Πλάτωνος
1086 4064 1131 4109 τοῦ
1149 4057 1276 4124 μεγάλου;
1303 4065 1394 4110 contra
1411 4075 1525 4123 sequens
1543 4075 1585 4122 ep.
1605 4060 1640 4108 ib.

473 4143 553 4192 buius
575 4146 734 4208 gemellum,
757 4147 828 4209 quod
853 4141 1014 4194 Στατυλλίου
1035 4141 1162 4194 Φλάκκου
1181 4147 1260 4195 titulo
1278 4146 1381 4194 ornavit
1399 4144 1418 4193 C
1436 4143 1469 4203 (A
1487 4144 1573 4208 igitur
1591 4145 1651 4193 titii

471 4240 511 4286 ep.
529 4226 562 4275 al
580 4229 659 4278 etiam
678 4231 801 4294 sequenti
819 4246 857 4294 ep.
875 4229 1036 4293 destinavit),
1054 4231 1167 4279 Planudi
1184 4235 1225 4280 est
1241 4227 1419 4284 Ilicitanus
1436 4227 1463 4277 οἱ
1478 4223 1508 4278 δὲ
1522 4225 1651 4292 Ἀντιπάτι

506 4311 541 4373 84)
576 4313 662 4376 Bergk
686 4329 717 4362 ea
740 4330 793 4364 non
816 4314 843 4363 in
868 4314 1025 4363 Simonideis
1048 4315 1094 4363 sed
1119 4315 1146 4362 in
1164 4314 1343 4377 Empedocleis
1362 4316 1449 4377 posuit
1466 4311 1509 4363 lli.
1526 4314 1594 4377 260;
1620 4331 1651 4378 ep

472 4398 629 4447 Pausaniam
654 4404 790 4460 praeterea
812 4404 1002 4448 commemorat
1025 4400 1053 4448 in
1077 4413 1138 4448 ann.
1157 4400 1188 4448 ad
1206 4413 1246 4462 ep.
1264 4398 1321 4448 tal.
1348 4400 1401 4450 Hoc
1418 4416 1458 4463 ep.
1475 4404 1550 4448 extat
1569 4416 1611 4464 ap.
1631 4401 1651 4448 P

471 4483 517 4545 la,
541 4483 588 4546 qui
605 4499 644 4547 ep.
662 4484 690 4533 iu
708 4485 850 4547 Acronem,
874 4485 943 4548 quod
963 4483 1055 4534 Jacobs
1072 4485 1100 4533 in
1118 4500 1175 4547 app.
1194 4485 1275 4548 epigr.
1293 4483 1322 4534 al
1343 4485 1443 4548 posuit,
1461 4484 1559 4533 omisit.
1580 4485 1651 4534 Reitr

471 4568 539 4617 stein
558 4572 703 4638 utrumque
721 4583 760 4631 ep.
778 4569 995 4618 eornmemoravit
1013 4585 1036 4632 p.
1054 4567 1111 4618 lit.
1148 4568 1278 4618 llauvette
1296 4584 1329 4618 ne
1347 4569 1450 4618 novisse
1467 4569 1580 4632 quidem
1601 4569 1651 4617 vidi

471 4653 536 4701 haec
553 4653 752 4715 epigrammata.

503 4734 538 4796 85)
557 4737 602 4785 ‘ln
621 4737 687 4787 serie
705 4738 927 4800 epigrammatum
946 4737 1172 4801 Simonideorum‚
1196 4753 1265 4802 quae
1282 4752 1344 4787 vero
1362 4753 1415 4787 non
1433 4754 1476 4801 eo,
1500 4753 1556 4802 quo
1574 4738 1651 4802 legul

471 4823 497 4871 in
515 4821 579 4885 AR,
598 4823 687 4872 ordine
705 4838 736 4872 ex
754 4822 855 4872 Corona
873 4827 1016 4887 propagata
1033 4838 1090 4873 esse
1107 4823 1333 4873 demonstrabitur
1349 4820 1362 4884 5
1379 4821 1437 4872 loa.
