3572 5716
285 539 361 614 cap.
382 539 417 598 v.
868 538 926 598 250
1114 527 1120 537 ’
1395 539 1414 618 s
1439 541 1506 600 146.

283 726 406 800 omnia,
438 743 520 800 quae
547 727 579 784 in
608 727 777 785 traditione
804 745 877 785 cum
908 726 1070 786 Simonide
1097 727 1266 786 coniuncta
1289 728 1368 802 sint,
1393 728 1420 786 ei
1443 729 1509 786 adi-

284 824 398 882 menda
420 841 491 883 esse
511 824 736 899 intellegerent.
766 825 891 883 Etenim
914 843 977 883 non
1001 826 1105 883 solum
1126 825 1188 883 iam
1211 825 1350 884 vidimus
1374 825 1509 884 Simoni-

283 923 354 981 dem
383 922 423 980 ab
449 922 733 997 Amphictyonibus
754 923 854 981 fuisse
875 923 1061 998 invitatum,
1093 922 1180 981 utin
1203 923 1336 981 heroum
1359 924 1509 982 Thermo·

284 1020 464 1095 pylensium
500 1020 683 1078 memoriam
718 1021 949 1097 epigrammata
976 1021 1164 1095 sepulcralia
1191 1022 1340 1080 conderet
1370 1019 1405 1097 (ξ
1436 1019 1506 1096 11),

286 1117 523 1192 Simonidisque
543 1117 792 1193 epigrammatici
813 1119 931 1177 famam
951 1119 1093 1194 viguisse
1108 1119 1193 1192 apud
1208 1121 1353 1193 posteros
1370 1117 1405 1196 (ξ
1423 1117 1505 1194 132),

284 1215 340 1272 sed
360 1214 454 1273 etiam
476 1215 641 1289 apparebit
662 1215 695 1273 in
718 1217 770 1274 alt.
788 1216 820 1274 h.
836 1233 949 1275 comm.
967 1233 997 1290 p.
1016 1216 1336 1292 Thermopylensium
1352 1217 1509 1292 epigram·

284 1315 404 1371 matum
426 1315 526 1372 artem
548 1330 741 1388 magnopere
762 1316 925 1387 praestare
945 1315 1025 1372 sexti
1041 1314 1208 1388 quintique
1222 1315 1340 1374 saeculi
1352 1316 1508 1390 epigram-

284 1411 378 1468 matis
405 1411 594 1486 vulgaribus
622 1413 718 1485 atque
744 1411 869 1470 indiciis
897 1429 915 1470 a
944 1412 1113 1471 traditione
1142 1430 1217 1470 vero
1242 1430 1376 1487 prorsus
1398 1413 1509 1471 alienis

283 1509 444 1583 designari
465 1526 560 1584 posse
579 1509 662 1567 inter
683 1510 929 1585 epigrammata,
954 1527 1037 1583 quae
1058 1511 1098 1569 ad
1123 1510 1272 1586 Syllogen
1294 1510 1508 1569 Simonideam

284 1607 515 1682 rettulerimuS,
553 1607 782 1682 epigrammata
815 1607 989 1682 quaedam,
1031 1624 1114 1681 quae
1151 1626 1347 1682 quamquam
1380 1610 1509 1683 propter

284 1705 449 1778 antiquam
476 1705 714 1781 epigrammatis
743 1705 958 1763 condicionem
980 1722 1140 1780 anonyma
1163 1705 1344 1765 Collectoris
1366 1705 1508 1764 fontibus
1628 1757 1630 1770 ‚

283 1805 379 1876 atque
400 1803 564 1862 Collectori
584 1803 646 1878 ipsi
667 1803 784 1862 tradita
806 1802 885 1877 sint,
910 1805 1034 1877 tamen,
1059 1804 1094 1861 ut
1116 1803 1399 1880 Thermopylensia
1415 1820 1505 1877 epp,

282 1901 344 1975 ipsi
368 1900 522 1960 Simonidi
544 1901 651 1959 deberi
672 1901 765 1959 valde
786 1901 826 1959 sit
847 1901 1024 1974 probabile
1054 1901 1092 1958 In
1115 1902 1381 1976 epigrammatum
1403 1903 1508 1959 autem

284 1999 388 2074 copia,
423 2017 506 2074 quae
536 2017 554 2058 a
586 1999 758 2058 Collectore
788 1998 821 2056 in
856 1997 1005 2075 Syllogen
1039 1998 1253 2058 Simonideam
1287 2001 1411 2073 recepta
1441 2001 1505 2073 est,

283 2097 346 2156 iam
368 2098 428 2156 tria
450 2115 567 2173 genera
588 2098 715 2156 diversa
737 2097 869 2155 aderant
890 2113 952 2156 sc:

325 2193 355 2270 1)
389 2213 458 2270 epp.
490 2213 649 2270 perpauca
676 2213 694 2254 a
719 2194 881 2255 Simonide
901 2195 971 2269 ipso
993 2194 1119 2254 condita
1142 2192 1182 2270 (e.
1207 2212 1237 2270 g.
1262 2212 1332 2269 epp.
1358 2194 1508 2252 Thermo·

390 2293 534 2368 pylensia
558 2291 626 2369 [91,
651 2292 706 2367 92,
731 2289 823 2369 94])1,

323 2389 355 2466 2)
388 2408 459 2465 epp.
483 2391 638 2466 genuina,
664 2408 746 2464 quae
766 2390 862 2464 lapidi
885 2389 1013 2463 quidem
1034 2389 1205 2464 inscripta,
1231 2390 1287 2447 sed
1308 2407 1326 2447 a
1344 2389 1506 2450 Simonide

388 2489 490 2547 aliena
511 2491 602 2547 erant
624 2486 664 2564 (e.
689 2507 719 2565 g.
744 2506 814 2563 epp.
839 2487 893 2562 98,
920 2487 993 2561 105,
1019 2487 1093 2562 108,
1118 2487 1192 2561 134,
1218 2485 1305 2562 138);

323 2583 355 2660 3)
388 2603 459 2659 epp.
477 2585 743 2659 demonstrativa,
769 2601 851 2658 quae
872 2601 912 2642 ne
933 2583 1084 2642 marmori
1105 2583 1234 2657 quidem
1256 2583 1356 2642 incisa
1378 2584 1508 2641 fuerunt

395 2681 434 2756 (e.
460 2700 490 2757 g.
515 2699 586 2757 epp.
612 2682 686 2757 141,
712 2679 795 2756 142).

284 2779 523 2854 Epigrammata
552 2782 656 2838 autem
688 2779 887 2853 Simoniden,
918 2795 1000 2852 quae
1028 2778 1131 2852 primo
1160 2778 1268 2852 generi
1296 2778 1508 2836 adiudicanda

284 2877 360 2934 mihi
389 2877 537 2936 videntur
565 2881 690 2952 praete'r
711 2876 772 2935 tria
793 2894 863 2951 epp.
888 2875 1188 2951 Thermopylensia,
1220 2877 1296 2933 sunt
1319 2876 1393 2935 octo
1415 2876 1507 2935 haec:

284 2991 354 3048 epp.
378 2975 439 3032 tria
467 2992 506 3032 ex
534 2974 745 3034 Corinthiacis
775 2972 827 3050 (96
855 2975 888 3032 in
916 2974 1019 3032 forma
1047 2973 1104 3047 A¹,
1136 2973 1173 3032 97
1202 2973 1235 3030 111
1264 2973 1361 3031 unius
1383 2974 1508 3032 distichi

283 3072 421 3147 ambitu,
461 3072 518 3131 137
544 3073 578 3130 111
606 3073 709 3131 forma
737 3070 791 3147 A),
823 3090 872 3147 ep.
904 3071 1106 3147 Tegeaticum
1136 3070 1210 3146 102,
1242 3089 1291 3145 ep.
1323 3072 1509 3146 Megarense

285 3169 341 3228 107
365 3169 411 3246 (111
432 3171 534 3229 forma
556 3170 594 3228 Α1
618 3170 714 3228 unius
736 3169 879 3245 distichi,
904 3170 943 3228 cf.
970 3167 989 3245 ἓ
1010 3169 1113 3227 13711.
1132 3165 1182 3244 8),
1208 3186 1278 3243 epp.
1296 3170 1360 3226 duo
1375 3169 1508 3243 epinicia

282 3267 315 3325 in
340 3267 512 3331 Simonidis
533 3267 635 3342 ipsius
658 3267 806 3326 victorias
828 3268 962 3344 cyclicas
985 3266 1041 3326 145
1063 3268 1094 3324 et
1116 3265 1182 3340 147,
1210 3283 1259 3340 ep.
1281 3267 1313 3324 in
1335 3266 1508 3342 Theogneti

284 3367 373 3439 pueri
394 3366 564 3441 Aeginetae
585 3365 749 3424 victoriam
772 3365 837 3425 149.
