3546 5724
778 523 816 584 57
1237 524 1333 614 ςέο,
1358 524 1406 585 30.

185 711 288 771 virum
307 712 344 771 ol.
364 730 381 770 a
400 729 475 770 vero
493 711 694 770 aberravisse
711 714 806 787 puto,
828 729 900 771 cum
920 712 1115 771 Athenaeum
1132 713 1165 771 in
1183 714 1325 773 notitiam
1340 715 1409 773 eius

184 808 364 884 scriptorIs,
394 826 488 884 quem
509 809 698 884 primarium
720 810 788 868 eius
810 810 929 868 fontem
950 810 1051 869 fuisse
1072 811 1208 887 accepit,
1238 812 1303 871 scil.
1330 813 1409 872 Oha·

183 907 383 982 maeleontis,
407 907 554 966 Intulisse
575 907 765 966 sententiam
786 910 928 966 censeret
950 905 996 974 ὡς
1013 906 1067 967 καλ
1087 904 1281 987 Θεόπομπος
1298 908 1414 986 ἱστορεῖ

182 1001 236 1062 καὶ
259 999 388 1082 Τίμαιος
408 1002 441 1064 ἒν
462 1009 498 1082 τῇ
521 1001 556 1080 ζ,
585 1004 712 1079 ‘quibus
733 1005 785 1063 ille
807 1006 885 1064 nihil
902 1007 1006 1065 dicere
1025 1008 1093 1065 vult
1111 1007 1172 1066 nisi
1191 1008 1230 1066 de
1248 1008 1357 1067 eadem
1376 1026 1410 1066 re

182 1104 307 1176 praeter
325 1104 486 1161 auctorem
504 1103 597 1161 antea
616 1103 831 1178 nominatum,
853 1120 948 1176 quem
963 1103 1121 1178 sequitur,
1144 1105 1238 1163 etiam
1254 1105 1313 1163 hos
1328 1105 1409 1164 duos

182 1200 280 1258 verba
301 1199 428 1274 fecisse3
456 1202 616 1274 quatenus
638 1217 710 1259 cum
733 1199 976 1260 Chamaeleonte
997 1201 1267 1278 conspiraverint,
1296 1202 1409 1277 ecquid

181 1297 257 1356 novi
278 1297 464 1371 habuerint,
495 1297 588 1356 usine
609 1297 728 1356 fuerint
749 1298 828 1356 alter
849 1299 962 1373 altero,
996 1299 1075 1356 nihil
1096 1298 1209 1359 ourat'.
1246 1299 1309 1359 Sed
1330 1301 1408 1358 illud

181 1396 283 1455 cuIvis
315 1397 418 1471 primo
448 1395 563 1455 obtutu
594 1399 727 1471 apparet
758 1397 946 1471 primarium
977 1398 1130 1457 Athenaei
1162 1399 1280 1458 fontem
1309 1398 1410 1457 fuisse

182 1494 467 1553 Chamaeleontem.
483 1495 528 1552 De
538 1495 732 1569 Theopompi
743 1494 926 1569 Timaeique
936 1495 1083 1570 partibus
1094 1499 1204 1571 postea
1216 1496 1405 1555 videbimus,

220 1592 467 1668 Wilamowitzio,
486 1609 558 1651 oum
570 1595 747 1667 quaereret,
762 1609 920 1667 quaenam
933 1593 1168 1653 Chamaeleonti
1179 1594 1274 1653 fuerit
1285 1595 1409 1653 occasio

180 1689 212 1747 in
234 1689 316 1749 libro
337 1691 377 1749 de
398 1689 537 1749 Pindaro
561 1689 734 1749 Simonidei
752 1690 991 1766 epigrammatis
1011 1693 1279 1751 commemorandi
1297 1692 1408 1751 moris·

181 1804 242 1860 que
258 1787 414 1846 Corinthii
433 1787 622 1863 enarrandi,
647 1788 711 1846 iam
725 1790 852 1862 praesto
867 1791 935 1848 erat
949 1791 1145 1864 quaestionis
1161 1791 1277 1850 solutio
1291 1791 1405 1866 huiuS,

181 1886 387 1944 matronaene
414 1902 455 1944 an
484 1885 664 1944 meretrices
694 1886 877 1946 Corinthiae
904 1888 1058 1947 Venerem
1084 1907 1142 1964 pro
1164 1890 1285 1964 patriae
1306 1890 1409 1948 saluto

181 1985 397 2057 comprecatae
417 2000 489 2042 esse
510 1983 704 2043 viderentur.
744 1986 909 2060 PerspexIt
929 1987 1013 2046 enIm
1036 1987 1085 2046 vir
1107 1989 1181 2047 clar.
1208 1987 1304 2046 verba
1327 1987 1407 2047 Cha·

180 2081 364 2140 maeleontis
396 2081 436 2140 ab
468 2081 628 2140 Athenaeo
659 2082 788 2142 laudata
820 2101 884 2142 non
918 2086 1020 2144 solum
1051 2103 1088 2145 ea
1120 2085 1282 2160 complexa
1313 2102 1403 2159 esse,

179 2196 261 2253 quae
283 2179 322 2239 de
343 2179 572 2256 epigrammate
595 2179 777 2240 Simonideo
799 2183 921 2258 attulit,
946 2183 1001 2242 sed
1020 2184 1114 2242 etiam
1131 2201 1184 2258 ea,
1209 2200 1291 2258 quae
1309 2183 1406 2241 verba

179 2294 279 2352 supra
303 2275 338 2355 (ἓ
361 2275 413 2352 25)
436 2278 577 2352 excripta
600 2278 859 2353 subsequuntur:
891 2278 1090 2360 ὑπάρχοντος
1111 2277 1168 2341 οῦν
1189 2284 1243 2341 τοῦ
1264 2278 1406 2340 τοιούτου

178 2372 317 2452 νομίμου
338 2372 409 2452 περὶ
430 2372 485 2454 τὴν
505 2372 584 2435 θεὸν
606 2372 800 2454 Ξενοφῶν
822 2375 840 2437 ὁ
861 2374 1102 2456 Κορίνθιος,
1124 2376 1217 2449 ἐξιὼν
1234 2375 1405 2456 είςὈλυμ-

177 2471 251 2533 πίαν
272 2469 323 2532 ἐπὶ
343 2470 398 2532 τὸν
419 2470 544 2550 ἀγῶνα,
573 2470 640 2532 καὶ
668 2470 788 2541 αῦτδς
817 2471 986 2544 ἀπάξειν
1014 2474 1177 2553 ἑταίρας
1205 2474 1348 2545 εὔξατο
1370 2480 1406 2553 τῇ

178 2569 248 2649 θεῷ
279 2569 424 2648 νικήσας,
456 2567 664 2648 Πίνδαρός
695 2592 726 2631 τε
757 2569 791 2631 τὸ
822 2570 881 2649 μὲν
911 2576 1039 2650 πρῶτον
1070 2573 1209 2652 ἔγραψεν
1240 2571 1282 2640 είς
1312 2569 1408 2632 αὐτὸν

177 2667 401 2748 ε’γκῶμιον,
428 2663 466 2728 οὗ
488 2667 507 2748 ἡ
531 2667 613 2748 ἀρχή
637 2667 699 2746 (Ol.
725 2670 814 2729 XIII.
841 2667 886 2746 l)·

339 2764 635 2844 τρισολυμπιονίκαν
655 2765 810 2828 ἐπαινέων
831 2765 920 2828 οἷκον

177 2863 308 2941 ὕστερον
330 2862 364 2924 δὲ
386 2862 439 2934 καὶ
459 2862 626 2924 σκόλιον
649 2864 701 2940 (fr.
719 2866 775 2924 122
790 2863 897 2942 Schr.)
921 2864 955 2925 τὸ
976 2865 1063 2945 παρὰ
1085 2865 1140 2946 τὴν
1161 2865 1275 2928 θυσίαν
1297 2866 1405 2946 ᾀσθέν,

176 2961 210 3022 ἒν
236 2958 265 3041 ᾧ
295 2959 350 3041 τὴν
371 2959 473 3041 ἀρχὴν
494 2959 618 3030 εὐθέως
638 2962 802 3042 πεποίηται
823 2961 906 3041 πρὸς
926 2961 980 3032 τὰς
1001 2963 1139 3043 ἑταίρας,
1168 2966 1210 3024 αἲ
1232 2987 1405 3042 παραγε-

176 3059 353 3137 νομένου
391 3063 459 3120 τοῦ
497 3045 765 3139 Ξενοφῶντος
801 3060 868 3122 καὶ
904 3060 1079 3130 θύοντος
1114 3068 1157 3142 τῇ
1188 3061 1404 3142 Ἀφροδίτῃ

176 3156 416 3218 συνέθυσαν.
449 3155 559 3236 διόπερ
581 3157 642 3237 ἔφη
668 3159 722 3237 (ib.
748 3179 777 3220 v.
804 3161 840 3219 14
863 3160 964 3237 sqq.)·

338 3252 366 3316 ῶ
388 3253 524 3334 Κύπρου
547 3253 710 3327 δέσποινα,
732 3256 801 3319 τεὸν
822 3256 906 3319 δεῦτ’
925 3258 957 3326 ἐς
977 3257 1072 3327 ἄλσος

337 3351 516 3432 φορβάδων
537 3358 638 3432 κορᾶν
660 3353 774 3433 ἀγέλαν
795 3355 999 3434 ἑκατόγγυιον
1022 3353 1176 3435 Ξενοφῶν
1197 3355 1311 3425 τελέαις

337 3449 471 3531 ἐπάγαγ’
489 3450 643 3532 εὐχωλαῖς
664 3452 790 3522 ἰανθείς.

176 3547 293 3626 ἤρξατο
316 3547 347 3609 δ’
366 3548 468 3617 οὕτως
488 3554 543 3610 τοῦ
564 3548 681 3629 μέλους
703 3551 758 3630 (ib.
784 3571 813 3612 v.
840 3553 854 3612 1
879 3551 980 3630 sqq.)·

335 3646 502 3718 πολύξεναι
523 3647 676 3720 νεανίδες,
699 3648 873 3729 ἀμφίπολοι

336 3743 480 3814 Πειθοῦς
500 3745 533 3808 ἕν
554 3745 666 3827 ἀφνεῴ
687 3744 858 3828 Κορίνθῳ,

335 3843 417 3904 αἵτε
438 3847 491 3912 τᾶς
511 3843 639 3924 χλωρᾶς
660 3844 790 3924 λιβάνου
812 3845 916 3918 ξανθὰ
939 3843 1042 3924 δάκρη

335 3939 484 4019 θυμιᾶτε,
505 3941 639 4004 πολλάκι
659 3943 772 4022 ματέρ’
791 3944 922 4023 ἒρῶτων
943 3943 1094 4023 αῦρανίαν
1115 3942 1269 4020 πτάμεναι

335 4039 467 4119 νοήματι
487 4039 569 4119 πρδς
586 4040 789 4121 Ἀφροδίταν,

334 4135 434 4216 ὔμμιν
454 4137 566 4200 ἄνευθ’
587 4139 757 4219 ἐπαγορίας
778 4142 905 4219 ἔπορεν,

335 4230 363 4294 ὦ
384 4234 507 4308 παῖδες,
529 4236 698 4316 ε’ρατειναῖς
719 4238 772 4316 <έν
794 4240 899 4317 ΒΙῶ.>
921 4237 1026 4309 εὐναῖς

333 4330 504 4408 μαλθακᾶς
524 4333 614 4414 ῶρας
635 4333 698 4397 ἀπὸ
720 4334 846 4415 καρπὸν
868 4335 1050 4415 δρέπεσθαι.

334 4427 391 4490 σὺν
413 4428 443 4490 δ’
462 4430 586 4512 ἀνάγκᾳ
607 4437 670 4494 πᾶν
691 4432 790 4495 καλόν
813 4483 818 4494 .
842 4483 848 4495 .
871 4483 877 4494 .
901 4483 906 4495 .

176 4522 353 4604 ἀρξάμενος
373 4526 410 4588 θ’
428 4528 545 4602 οὕτως,
571 4531 761 4612 ἑξῆςφιγσιν
784 4533 839 4612 (ib.
866 4554 895 4595 v.
922 4534 958 4594 10
981 4533 1083 4612 sqq.)·

334 4623 411 4685 ἀλλὰ
431 4625 609 4706 θαυμάξω,
632 4629 660 4690 τί
677 4653 718 4708 με
738 4629 856 4702 λέξοντι
875 4629 1009 4710 Ἰσθμοῦ

335 4721 481 4785 δεσπόται
501 4727 622 4789 τοιάνδε
642 4727 834 4808 μελίφρονος
856 4728 958 4811 ἀρχὰν
979 4729 1155 4811 εὑρόμενον
1177 4730 1304 4793 σκολίου

334 4820 490 4901 ξυνάορον
512 4824 618 4895 ξυναῖς
640 4827 786 4905 γυναιξίν.
