3546 5724
831 451 849 508 7
1321 447 1398 525 ἑὸ,
1424 449 1451 508 6.

228 639 295 697 neri
324 656 393 696 eam
422 638 654 713 exceptionem,
686 655 768 712 quae
796 638 827 695 in
857 638 963 712 priore
991 637 1097 695 verbis
1126 635 1189 706 ἔξω
1212 669 1250 678 -
1271 634 1454 712 ἐπίγραμμα

227 737 419 810 exponatur,
445 736 560 810 recepit
583 753 712 810 unaque
732 735 764 793 in
788 753 837 810 re,
863 753 959 809 quam
983 753 1032 793 me
1053 735 1227 792 offendisse
1249 751 1348 808 supra
1369 734 1451 809 dixi,

228 835 373 894 correxit.
408 834 579 909 Expressis
607 835 692 893 enim
721 833 827 892 verbis
856 834 979 908 primus
1008 867 1045 874 —-
1075 851 1178 907 neque
1206 833 1297 907 parvi
1327 820 1455 892 hoc‘est

228 933 459 992 aestimandum
500 965 537 972 *-
575 933 693 1007 Preger
733 931 856 990 monuit
894 931 932 988 de
971 931 1152 990 Simonides
1190 929 1455 1007 epigrammatis

228 1031 391 1106 Megistiae
430 1027 640 1090 auctoritate
680 1029 765 1104 apud
809 1030 1007 1087 Herodotum
1047 1047 1226 1087 sermonem
1265 1047 1328 1087 non
1368 1047 1453 1087 esse:

228 1129 318 1187 unice
346 1129 429 1186 enirn
461 1127 710 1203 ‘epigrammatis
738 1125 950 1202 insculpendi’
982 1127 1140 1185 notionem
1171 1127 1276 1184 inesse
1304 1126 1455 1186 locutioni

228 1223 425 1303 ἐπιγράφειν,
468 1227 519 1286 (ιυί
562 1227 588 1284 si
634 1225 882 1301 ‘epigrammatis
920 1222 1066 1284 iaciendi’
1108 1224 1231 1282 tribuas
1270 1224 1450 1298 notionem,

228 1325 471 1399 Amphictyones
501 1341 616 1382 rursus
644 1324 804 1398 putandos
832 1341 903 1381 esse
930 1322 1072 1381 carmina
1094 1323 1125 1379 iu
1150 1321 1396 1396 Peloponnesios
1425 1324 1454 1379 et

230 1422 406 1496 Spartiates
434 1422 679 1497 conscripsisse,
710 1420 863 1495 quoniam
891 1420 1024 1478 eandem
1054 1420 1171 1478 habere
1193 1419 1256 1476 vim
1279 1419 1454 1478 locutiones

227 1517 409 1597 ἐπιγράφειν
429 1518 484 1578 τινὶ
505 1518 687 1596 ἐπίγραμμα
710 1522 806 1593 atque
826 1516 1007 1594 ἐπικοσμεῖν
1025 1538 1090 1576 τινα
1108 1513 1320 1594 ἐπιγράμματι
1338 1517 1453 1576 consti-

227 1619 380 1676 tuendum
403 1618 452 1676 sit.
1085 1665 1088 1670 .
1186 1619 1187 1626 ’

266 1716 407 1774 Alterum
430 1719 552 1790 autem,
584 1716 670 1790 quod
693 1715 876 1773 Kaibcliana
899 1713 1064 1787 explicatio
1086 1731 1149 1772 non
1172 1713 1369 1788 expedierat,
1399 1714 1454 1786 qui

227 1814 295 1872 fieri
317 1815 470 1889 potuerit,
502 1817 537 1872 ut
559 1814 638 1872 alter
660 1813 787 1887 cippum
810 1811 961 1870 statuisse
982 1811 1122 1885 dicatur,
1156 1811 1234 1869 alter
1255 1811 1453 1885 epigramma

227 1911 430 1970 incidendum
445 1929 576 1970 curasse
591 1928 726 1984 --quac
744 1909 868 1984 pietatis
888 1909 992 1968 oliicia
1011 1908 1151 1984 disiungi
1169 1909 1222 1966 vix
1241 1912 1377 1982 possunt
1398 1941 1450 1982 —-,

226 2010 257 2067 id
280 2027 383 2083 neque
405 2010 497 2068 solvit
519 2011 637 2084 Preger
659 2026 762 2082 neque
783 2008 861 2066 adeo
883 2006 1148 2065 animadvertisse
1171 2005 1304 2064 videtur.

269 2107 461 2166 Simonidem
497 2125 567 2165 esse
601 2106 840 2181 epigrammatis
876 2105 1039 2180 llegistiae
1071 2101 1304 2164 dedicatorem
1336 2104 1456 2178 Preger

227 2205 424 2264 Herodotum
452 2223 490 2262 ex
516 2204 608 2279 cippo
630 2204 715 2278 ipso,
747 2204 798 2262 cui
822 2203 1010 2277 Simonidis,
1043 2206 1078 2261 ut
1100 2201 1305 2275 dedicatoriS,
1337 2219 1452 2259 nomen

227 2303 444 2377 subscriptum
466 2303 567 2361 fuisse
588 2302 741 2376 sumpsit,
767 2301 929 2376 cognitum
952 2301 1103 2359 habuisse
1124 2300 1211 2358 dixit.
1237 2300 1326 2367 Quae
1347 2299 1453 2373 opinio

226 2418 322 2474 quam
362 2401 533 2459 falsissima
572 2402 629 2458 est.
673 2400 821 2474 Antiquis
860 2399 944 2456 enim
983 2399 1179 2472 temporibus
1200 2396 1226 2470 ⁴)
1265 2397 1453 2456 dedicatoris

227 2515 341 2557 nomen
371 2501 460 2557 extra
482 2502 619 2557 metrum
641 2497 880 2573 epigrammatis
902 2497 1018 2571 apponi
1040 2514 1104 2554 non
1126 2496 1218 2568 solet;
1249 2496 1280 2553 in
1304 2494 1452 2554 recentio-

227 2597 316 2654 ribus
345 2597 606 2672 inscriptionibus
632 2596 658 2654 si
682 2613 923 2669 nonnumquam
945 2595 1127 2653 inveniatur
1149 2611 1263 2652 nomen
1286 2591 1453 2652 cuiusdam

226 2695 446 2770 epigrammati
475 2695 648 2768 adiectum,
681 2711 805 2768 semper
831 2693 859 2751 is
885 2692 1101 2769 significatur,
1133 2692 1188 2766 qui
1210 2693 1452 2749 monumentum

225 2794 329 2852 extrui
350 2793 444 2852 iussit
465 2793 484 2851 i.
506 2811 531 2851 e.
556 2793 612 2868 qui
634 2793 701 2850 suis
723 2791 877 2866 impensis
898 2794 928 2849 et
950 2791 1078 2866 cippum
1101 2790 1308 2849 statuendum
1329 2789 1452 2847 curavit

225 2894 255 2948 et
276 2891 472 2966 epigramma
494 2890 749 2964 insculpendum.
775 2891 844 2947 Hoc
866 2892 972 2948 autem
994 2887 1223 2963 gravissimum
1245 2889 1307 2945 est:
1331 2886 1356 2944 si
1379 2887 1452 2960 quis

226 2989 258 3046 in
273 2989 377 3063 lapide
391 2989 460 3063 ipso
478 2989 651 3048 Simonidis
666 2988 776 3063 legerit
792 3005 924 3061 nomen,
946 2986 1023 3044 baec
1037 2986 1131 3044 unica
1147 2985 1294 3060 cogitatio
1309 2984 1452 3043 animum

227 3087 334 3145 subire
355 3087 456 3162 potuit
477 3087 671 3146 Simonidem
691 3086 953 3164 incitamentum
972 3084 1133 3159 posuisse,
1159 3101 1262 3158 neque
1281 3083 1452 3157 quisquam

226 3233 384 3242 .-——--—-

257 3320 279 3380 4)
315 3321 465 3385 Antiquam
491 3321 563 3369 euim
586 3321 748 3384 epigramma
773 3335 817 3383 per
840 3335 867 3368 se
891 3319 1043 3368 absolutum
1067 3323 1108 3367 est
1132 3333 1218 3380 neque
1244 3319 1329 3366 ullum
1354 3318 1454 3380 pmitm

225 3406 444 3456 additamentum.
472 3405 631 3453 liedicatcris
657 3419 752 3453 nornen
779 3409 854 3452 extra
881 3408 996 3452 metrum
1024 3403 1132 3450 denium
1160 3401 1227 3450 adici
1253 3406 1375 3464 coeptu-m
1400 3405 1452 3462 cst,

227 3497 364 3554 postquam
389 3489 510 3538 formulis
535 3490 574 3538 usi
595 3494 659 3538 suut
677 3489 797 3538 homines
816 3488 966 3550 tralaticiis,
992 3488 1017 3536 in
1036 3488 1133 3550 quibus
1152 3487 1278 3535 nimirum
1298 3486 1453 3534 dedicatoris

228 3576 325 3624 corrriui
353 3590 403 3623 non
431 3574 503 3623 locus
529 3578 594 3622 erat.
623 3574 651 3622 ln
679 3573 777 3622 talibus
803 3577 893 3621 autem
920 3573 1120 3635 epigrammatis
1146 3573 1200 3620 iere
1226 3586 1330 3633 semper
1356 3586 1451 3619 nomen

226 3674 331 3724 quoque
350 3659 448 3708 mortui
466 3666 541 3708 extra
559 3674 649 3708 versus
667 3660 794 3722 scriptum
814 3658 962 3720 invenitur,
984 3659 1015 3706 cf.
1035 3672 1091 3719 epp.
1110 3657 1162 3705 iam
1182 3671 1197 3704 a
1214 3655 1326 3718 Pregero
1345 3655 1453 3703 laudate

229 3744 323 3793 liaibel.
355 3744 416 3806 Epp.
447 3742 491 3793 Gr.
521 3743 554 3793 56
584 3759 613 3786 =
642 3743 791 3792 Hoffmann.
818 3743 882 3806 Syll.
910 3743 971 3805 Epp.
999 3741 1043 3790 Gr.
1069 3740 1118 3789 145
1146 3739 1236 3803 (supra
1261 3733 1387 3802 scriptum
1413 3745 1453 3787 est

226 3829 364 3878 ‹lelmrctae
391 3843 487 3877 nomen
513 3823 668 3890 Καλλιστώ,
694 3829 770 3878 cuins
797 3828 823 3876 in
851 3828 907 3889 ipsa
933 3841 1039 3890 quoque
1066 3827 1180 3874 formula
1206 3825 1451 3873 commemorandae

227 3913 276 3962 init
298 3914 413 3975 occasio,
436 3913 505 3961 inira
529 3913 694 3962 dedicatricis
717 3907 878 3974 Εὐκολίνη),
903 3912 932 3960 Κ.
957 3910 990 3959 65
1014 3926 1043 3952 -·
1070 3910 1098 3958 Η.
1122 3909 1172 3958 tre
1195 3907 1260 3972 (qna
1283 3909 1452 3970 inscriptione

227 3999 289 4046 milri
314 3998 443 4047 utendum
469 3998 520 4046 erit
542 3996 646 4058 §ii3),
672 3998 700 4046 ll.
721 3996 753 4047 69
774 4013 802 4039 =
823 3997 851 4045 H.
871 3995 901 4044 77
927 3995 965 4057 (in
984 4011 1038 4059 qua
1057 4010 1088 4043 ne
1109 3995 1207 4043 mortui
1225 3994 1333 4056 quidem
1352 3993 1451 4042 nomini

226 4082 251 4130 iu
276 4084 389 4131 formula
413 4083 485 4131 loeus
508 4081 591 4145 erat),
615 4083 644 4130 Κ.
666 4081 695 4131 71
717 4100 746 4126 =
771 4082 798 4130 ll.
818 4080 850 4131 83
873 4082 955 4136 (infra
975 4082 1086 4130 incisum
1106 4085 1147 4130 est
1164 4094 1224 4128 cum
1244 4093 1338 4126 nonren
1358 4078 1452 4126 sororis

226 4167 370 4218 dedicantis
387 4172 445 4215 tum
465 4181 561 4216 nomen
580 4168 693 4230 mortui,
712 4169 757 4230 qui
777 4168 804 4215 in
822 4167 929 4215 exordio
947 4181 1054 4228 quoqne
1074 4157 1225 4224 laudatur),
1245 4164 1274 4210 ll.
1286 4161 1317 4210 73
1332 4179 1363 4205 =
1381 4161 1452 4212 1133

226 4251 316 4315 (quum
335 4253 381 4302 rr.
405 4254 498 4301 all'errc
522 4268 574 4301 non
599 4253 698 4316 potuit,
722 4252 785 4317 quia
805 4253 945 4300 Holimmm
964 4252 1071 4299 demum
1091 4266 1121 4298 ex
1141 4249 1203 4298 ein.
1223 4248 1264 4297 lv.
1283 4245 1344 4295 491⁸
1361 4263 1384 4309 p.
1403 4246 1452 4295 til

227 4338 331 4386 nomina
356 4337 504 4399 subscripta
529 4337 647 4386 versibus
674 4335 815 4400 apiposuit).
844 4337 915 4394 Quae
934 4340 1023 4384 autem
1044 4335 1173 4397 imprimis
1191 4347 1206 4382 a
1225 4333 1336 4396 Pregero
1354 4332 1452 4380 auxilio

228 4423 346 4471 arcessita
370 4428 410 4470 est
433 4422 567 4485 inscriptio
591 4422 619 4470 li.
638 4419 687 4468 488
707 4439 735 4464 =
757 4421 785 4468 H.
805 4419 867 4482 iil,
891 4436 922 4469 ea
941 4421 1007 4469 nilril
1025 4421 1236 4480 demonstratum
1260 4433 1323 4466 sane
1342 4432 1394 4465 non
1413 4421 1453 4465 est

228 4505 350 4568 formula,
374 4507 420 4560 sed
444 4507 526 4555 scitus
543 4507 564 4555 si
583 4507 677 4555 fuisset
695 4511 786 4568 poeta,
811 4506 967 4555 dedicatoris
986 4505 1055 4568 quod
1075 4520 1146 4553 nurrc
1164 4503 1338 4552 subscribitur
1356 4516 1451 4550 nomen

229 4591 341 4642 versibus
359 4592 422 4654 ipsis
439 4591 580 4640 intulisset.
602 4591 743 4640 Praeterea
761 4605 854 4640 omnes
872 4590 1054 4653 inscriptiones
1072 4589 1196 4637 laudatae
1215 4586 1372 4636 recentiores
1389 4590 1454 4634 suut

227 4701 257 4710 -
281 4679 335 4727 iere
361 4691 453 4726 omnes
478 4676 601 4727 exeuntis
627 4675 716 4738 quinti
742 4676 841 4726 saeculi
867 4701 913 4739 -,
940 4689 1021 4738 quam
1050 4680 1078 4723 ut
1104 4675 1132 4722 in
1157 4677 1246 4722 nostra
1269 4671 1452 4735 disquisitione

228 4761 367 4824 quiequam
385 4761 502 4824 probent.
