3516 5712
754 499 811 562 raa
1300 496 1319 577 a
1342 498 1390 561 oa.

166 692 227 766 ipsi
248 691 373 764 deberi,
399 691 455 750 sed
472 708 512 749 ex
529 689 764 765 exemplaribus
783 689 933 747 subiectis
954 687 1039 764 (VII.
1053 686 1169 746 1—432
1180 704 1220 746 ex
1230 704 1392 746 manuscr.

167 789 329 848 Michaelis
358 788 567 862 chartularii,
598 785 756 846 432-437
784 803 824 844 ex
851 787 950 845 altero
978 783 1072 861 msc.)
1095 787 1304 860 propagatam
1326 802 1397 844 esse

166 887 274 945 docuit
304 885 511 946 Stadtmiiller
532 883 597 960 135).
632 884 671 943 In
701 885 753 942 illo
785 883 946 942 Michaelis
973 883 1146 958 exemplari
1175 883 1199 943 (l
1226 900 1396 941 numerum

167 997 210 1042 55
245 1009 286 1032 =
321 984 381 1044 350
415 984 576 1058 appictum
611 980 778 1040 invenerat
808 981 1049 1057 epigrammati,
1087 981 1173 1055 5550
1204 981 1237 1038 15
1269 980 1396 1056 vulgari

166 1082 278 1140 ordine
306 1084 354 1140 est
383 1081 492 1140 34311111.
528 1080 679 1139 Litteram
708 1093 734 1138 M
763 1104 801 1127 =
831 1077 910 1157 (515
939 1105 978 1128 =
1006 1079 1064 1138 340
1092 1080 1191 1155 igitur
1218 1079 1396 1154 appositam

166 1183 393 1255 expectaveras
415 1177 652 1254 epigrammati,
678 1178 749 1252 post
770 1177 856 1251 quod
877 1194 926 1251 ep.
948 1176 1006 1235 348
1028 1177 1183 1235 decimum
1206 1180 1254 1234 est
1269 1177 1288 1236 i.
1303 1195 1329 1236 e.
1345 1194 1393 1252 ep.

167 1277 237 1335 VII.
268 1276 342 1335 340:
374 1276 575 1335 intercedunt
606 1275 690 1333 enim
721 1275 805 1332 inter
835 1275 895 1333 hoe
926 1276 956 1332 et
986 1274 1064 1332 illud
1096 1276 1292 1352 epigramma
1323 1292 1393 1350 epp.

168 1392 283 1433 novem
314 1373 490 1448 341-343,
526 1372 583 1432 344
606 1389 644 1448 5,
680 1372 737 1431 344
760 1371 796 1447 5,
831 1370 914 1447 344*,
950 1371 1117 1431 345-347.
1163 1374 1259 1432 Extat
1291 1375 1397 1432 autem

169 1489 324 1530 numerus
353 1485 379 1529 Μ
408 1472 449 1530 50
476 1487 524 1545 ep.
554 1470 747 1545 praecedens
772 1469 843 1528 VII.
869 1469 942 1541 339;
970 1486 1046 1545 ergo
1073 1473 1128 1528 aut
1153 1471 1218 1530 duo
1243 1488 1314 1546 epp.
1339 1489 1397 1546 pro

169 1587 233 1628 uno
254 1571 437 1644 computata
459 1569 621 1642 videntur,
655 1569 833 1626 autunum
855 1584 903 1642 ep.
929 1569 1046 1625 temere
1067 1569 1256 1643 neglectum.
1293 1568 1397 1628 Stadt·

170 1668 282 1726 miiller
312 1685 377 1726 rem
407 1667 453 1725 sie
479 1667 603 1724 solvere
625 1665 724 1724 voluit
747 1664 795 1741 (ΙΙ
816 1683 847 1740 p.
873 1665 953 1723 XIII
975 1667 1005 1723 et
1026 1683 1101 1724 ann.
1126 1666 1166 1724 ad
1188 1685 1218 1741 p.
1243 1666 1318 1742 234,
1343 1664 1393 1742 5),

171 1768 204 1823 51
232 1768 386 1824 statueret
415 1766 632 1824 correctorem
659 1781 724 1822 non
754 1763 1007 1838 praetermisisse
1035 1780 1083 1837 ep.
1108 1762 1165 1822 344
1188 1762 1224 1838 b,
1256 1764 1397 1838 555015

171 1863 230 1922 ΑΡ.
255 1867 328 1939 post
348 1881 397 1938 ep.
420 1863 530 1922 35015
554 1880 637 1921 nova
659 1862 776 1921 decade
796 1861 921 1937 legitur,
946 1862 978 1918 in
1001 1878 1064 1934 qua
1087 1878 1197 1919 revera
1219 1862 1396 1937 neglectum

170 1963 217 2019 est
238 1959 287 2036 (τξ
307 1987 348 2010 =
369 1961 427 2020 360
445 1961 529 2020 enirn
548 1977 629 2019 aser.
648 1963 697 2018 est
715 1960 755 2018 ad
774 1976 822 2034 ep.
837 1959 896 2018 353
914 1960 986 2034 post
1004 1980 1037 2018 rr
1055 1985 1094 2006 =
1112 1958 1170 2018 350
1187 1958 1229 2016 50
1246 1975 1294 2032 ep.
1310 1955 1393 2033 348).

171 2058 258 2126 Quae
284 2059 365 2118 ratio
390 2076 455 2118 non
477 2061 611 2117 constat.
646 2059 728 2116 Tum
750 2057 834 2115 euim
856 2057 1077 2132 epigrammati
1099 2056 1169 2115 VII.
1193 2054 1262 2115 347
1279 2057 1397 2131 apponi

171 2155 322 2214 debuerat
343 2173 498 2215 numerus
521 2169 566 2214 55
587 2182 626 2204 =
648 2155 716 2214 350.
741 2155 885 2231 Neglexit
904 2157 1009 2213 autem
1028 2172 1058 2212 v.
1074 2154 1111 2213 51.
1125 2171 1174 2228 ep.
1183 2154 1254 2212 VII.
1268 2152 1342 2212 344*
1358 2179 1398 2202 =

171 2253 239 2310 VII.
272 2253 350 2328 187,
389 2253 475 2327 5550
506 2253 538 2311 15
571 2253 764 2311 editionibus
797 2254 870 2311 ante
901 2270 949 2327 ep.
980 2251 1038 2310 345
1070 2252 1177 2310 iterari
1209 2269 1273 2310 non
1305 2252 1393 2330 solet.

173 2351 291 2410 Revera
326 2351 426 2426 igitur
456 2351 603 2409 undecim
637 2368 708 2425 epp.
738 2351 772 2408 in
804 2349 965 2409 Michaelis
997 2349 1169 2424 exemplari
1200 2366 1259 2423 pro
1290 2349 1397 2407 decem

173 2449 439 2521 numerabantur;
465 2447 551 2522 quod
572 2448 642 2516 fieri
663 2466 728 2506 non
749 2449 852 2523 potuit
873 2448 935 2507 nisi
956 2447 1083 2506 duobus
1104 2447 1343 2522 epigrammatis
1364 2447 1398 2504 in

173 2547 289 2606 calculo
310 2564 370 2622 pro
391 2563 456 2605 uno
478 2545 604 2604 habitis.
644 2546 713 2604 Hoc
735 2546 827 2604 unice
848 2563 911 2604 usu
933 2545 1042 2604 venire
1063 2545 1165 2620 potuit
1186 2543 1219 2602 in
1241 2544 1397 2620 epigram-

173 2644 263 2702 matis
290 2645 355 2702 iam
383 2645 573 2720 argumento
601 2645 669 2702 arte
697 2644 825 2703 conexis
850 2642 943 2702 344u
963 2647 1059 2717 atque
1079 2641 1184 2715 344b;
1213 2659 1290 2718 ergo
1311 2643 1399 2717 apud

174 2741 370 2817 Michaelem,
402 2742 456 2816 qui
484 2742 555 2816 ipso
581 2741 720 2815 Cephala
742 2758 822 2799 usus
844 2742 928 2816 erat,
959 2758 1008 2815 ep.
1029 2739 1119 2800 344b
1140 2741 1304 2816 legebatur
1326 2744 1399 2816 post

173 2854 219 2912 ep.
243 2838 301 2897 344
319 2856 351 2898 a.
1158 2841 1160 2846 '

212 2935 486 3010 Computatiouem
501 2940 607 2995 autem
622 2935 888 3011 epigrammatum
904 2953 968 2994 555
984 2933 1177 2994 chartularii
1191 2935 1294 3009 ipsius
1308 2953 1395 3012 esse,

175 3033 226 3090 sed
247 3033 285 3091 ad
307 3033 478 3108 Cephalam
496 3034 604 3108 ipsum
623 3050 787 3092 recurrere
804 3033 891 3091 hisce
908 3033 1036 3092 duobus
1054 3032 1250 3108 argumentis
1269 3034 1398 3107 probari

175 3132 266 3203 puto:
297 3132 457 3206 primum,
492 3132 578 3206 quod
610 3148 674 3190 nou
707 3132 810 3189 solum
841 3130 927 3188 illius
958 3131 1167 3205 Anthologiae
1199 3132 1398 3206 Cephalauae

174 3229 344 3304 exemplar,
376 3230 546 3288 sedetiam
568 3229 721 3304 alterum,
746 3246 810 3302 quo
833 3228 857 3288 O
878 3246 959 3288 usus
981 3231 1045 3305 est,
1070 3247 1222 3289 numeros
1244 3231 1398 3289 decadum

175 3325 326 3400 ascriptos
345 3327 497 3402 habebat,
523 3326 653 3402 deinde,
678 3326 765 3399 quod
782 3325 865 3384 hane
881 3325 984 3400 ipsam
1000 3327 1266 3402 epigrammatum
1285 3329 1398 3387 seriem

176 3421 385 3496 0555515555]
420 3425 506 3499 apud
541 3424 725 3483 Michaelem
760 3441 824 3481 non
859 3423 1007 3482 undecim
1040 3426 1096 3483 sed
1127 3426 1293 3485 duodecim
1324 3445 1395 3502 epp.

175 3522 366 3595 complexam
387 3539 473 3598 esse,
498 3540 571 3581 cum
593 3522 814 3597 epigrammati
836 3521 893 3581 345
915 3521 1113 3581 adiunxisset
1134 3540 1182 3597 ep.
1196 3524 1267 3582 VII.
1285 3524 1344 3583 450
1365 3525 1398 3582 15

175 3615 385 3676 Philaenidem
407 3620 570 3693 quandam
591 3595 828 3695 cognom'inem,
853 3621 989 3678 testatur
1009 3621 1175 3679 Oorreetor
1192 3619 1245 3696 (ct.
1260 3621 1394 3680 Stadtm.

175 3731 202 3787 p.
226 3716 292 3788 XV;
326 3735 357 3792 p.
382 3716 440 3776 232
471 3719 503 3776 in
536 3735 611 3776 ann.
643 3718 683 3776 ad
715 3735 745 3792 p.
770 3717 876 3792 231‚5;
909 3735 940 3792 p.
965 3717 1022 3776 314
1052 3719 1091 3776 50
1120 3735 1150 3792 p.
1175 3717 1267 3791 313,7
1296 3716 1394 3793 sqq.).

176 3811 269 3872 Cuius
297 3815 536 3891 epigrammatis
565 3833 638 3875 cum
667 3815 747 3874 ratio
775 3815 883 3876 habita
912 3833 976 3873 non
1003 3815 1043 3873 sit
1064 3815 1097 3873 in
1118 3816 1186 3874 eius
1208 3814 1397 3889 exemplaris

175 3910 324 3971 decadum
346 3914 505 3989 numeriS,
530 3914 676 3988 sequitur
697 3912 881 3972 Michaelem
904 3931 968 3972 555
989 3914 1095 3988 ipsum
1116 3912 1294 3970 instituisse
1315 3930 1397 3971 com·

175 4011 382 4086 putationem,
407 4011 463 4070 sed
485 4010 642 4086 Cephalae
663 4028 814 4069 numeros
835 4011 1041 4070 transtulisse
1057 4011 1090 4069 in
1108 4028 1204 4069 suum
1224 4011 1394 4086 exemplar,

176 4123 251 4180 quos
279 4109 447 4169 Corrector
474 4109 579 4167 denuo
607 4109 706 4167 codici
735 4108 879 4166 Palatino
901 4107 1058 4183 ascripsit.
1094 4109 1290 4182 Itaqueiam
1312 4109 1399 4184 apud

177 4203 340 4280 Cephalam
360 4225 418 4282 pro
436 4225 501 4265 uno
519 4207 748 4282 epigrammate
765 4225 836 4281 epp.
851 4206 909 4265 344
923 4224 945 4266 5
963 4209 1060 4281 51555
1077 4204 1167 4264 3445
1185 4210 1261 4265 sunt
1277 4206 1395 4265 habita.

177 4299 262 4368 Quod
291 4322 355 4363 non
384 4305 454 4362 fieri
482 4305 600 4379 potuit,
632 4304 694 4362 nisi
720 4304 780 4362 555
800 4304 876 4362 11150
900 4307 1087 4378 sequeretur
1109 4306 1204 4378 atque
1225 4307 1399 4379 utrumque

177 4455 329 4467 ὴ-

207 4550 251 4616 135)
284 4554 307 4602 ll
325 4570 349 4618 p.
367 4554 430 4603 llll:
449 4551 509 4603 ‘duo
525 4554 624 4617 priores
639 4555 666 4603 hi
682 4555 783 4604 codices
798 4570 813 4604 a
829 4553 848 4603 0
863 4555 984 4618 usurpati
1000 4555 1033 4603 ad
1049 4569 1106 4618 epp.
1122 4556 1252 4618 appositos
1267 4555 1400 4604 habebant

180 4634 298 4688 decadum
316 4654 455 4702 numercS,
473 4639 520 4702 qui
537 4654 553 4688 a
569 4637 720 4689 correctore
735 4641 760 4688 in
777 4640 928 4688 Palatinum
944 4640 1068 4688 translati
1083 4643 1160 4702 sunt3
1178 4640 1238 4689 inde
1253 4639 1286 4689 ab
1302 4655 1341 4702 ep.
1350 4638 1398 4687 497

180 4717 269 4771 desunt
282 4724 388 4773 litterae
404 4723 532 4773 decadum
547 4724 660 4787 indices,
679 4731 709 4772 ut
721 4725 832 4772 tertium
845 4724 911 4772 illud
925 4723 1082 4774 Correctoris
1094 4725 1272 4786 exemplariis
1284 4725 1400 4773 caruisse

181 4803 307 4856 rideatur'.
329 4808 366 4857 De
385 4809 502 4857 numeris
519 4809 646 4858 librorum
666 4809 687 4856 V
705 4813 732 4856 et
750 4808 783 4856 Vl
802 4809 854 4857 iam
873 4809 964 4857 monui
982 4822 1062 4871 supra
1080 4823 1105 4858 5.
1123 4807 1180 4858 132.

1249 4891 1300 4944 rt*
