3546 5724
818 475 836 532 5
1308 472 1327 551 5
1350 463 1438 533 2-4'.

214 663 393 722 ornavisset
414 661 611 736 impetravit,
636 663 672 720 ut
687 661 795 736 pietati
810 678 886 736 erga
901 661 1087 720 defunctum
1104 661 1241 720 amicum
1258 661 1442 720 satisfacere

215 760 273 818 sibi
294 757 535 834 permitterent'.
1297 815 1300 822 .

254 860 346 923 Hanc
367 858 601 917 conclusionem
623 859 650 916 ei
672 857 887 933 accipiendam
908 875 980 915 esse
1001 858 1154 931 concedo,
1179 857 1235 932 qui
1253 875 1325 916 cum
1343 859 1440 933 Berg-

215 957 265 1014 lrio
285 956 459 1015 arbitretur
480 956 679 1014 Herodotum
703 955 897 1015 Simonidem
920 955 1023 1014 dicere
1042 937 1259 1014 rnouumeuti
1279 955 1441 1031 Megistiae

213 1056 383 1113 auctorem.
411 1053 570 1112 Solvenda
588 1070 664 1112 vero
682 1053 710 1112 ei
728 1053 860 1112 restabit
879 1053 956 1111 haee
972 1052 1133 1126 quaestio,
1158 1052 1236 1126 quid
1252 1053 1438 1112 historicum

212 1151 392 1226 induxerit,
427 1153 462 1209 ut
493 1151 712 1210 auctoritatem
745 1151 924 1209 carminum
958 1149 1173 1209 Simonideam
1205 1150 1299 1209 claris
1333 1150 1439 1209 verbis

211 1249 382 1308 lectoribus
403 1249 537 1324 prodere
558 1249 790 1324 supersederet.

252 1347 290 1405 In
313 1347 506 1406 narrationis
527 1347 726 1406 Herodoteae
747 1346 867 1404 iontem
890 1363 953 1404 non
975 1345 1141 1419 inquisivit
1164 1345 1286 1420 Bergk,
1316 1345 1440 1404 deiide

212 1463 276 1503 non
301 1445 436 1503 dubitat.
602 1434 609 1438 Ἀ

252 1542 453 1617 Quamquam
474 1543 507 1601 in
527 1543 707 1618 Bergkiana
726 1542 933 1616 explicatione
952 1542 1056 1600 inesse
1074 1541 1151 1599 mihi
1171 1542 1319 1600 videntur
1337 1541 1440 1600 bonae

210 1640 314 1716 frugis
343 1641 515 1715 quaedam,
548 1641 667 1715 quibus
696 1643 805 1715 postea
834 1639 910 1699 mihi
933 1640 1088 1699 utendum
1109 1640 1184 1714 erit,
1216 1640 1311 1698 nimis
1333 1642 1438 1699 tamen

210 1738 347 1797 obnoxia
369 1741 417 1798 est
437 1738 681 1797 difficultatibus
702 1755 798 1812 quam
821 1739 856 1796 ut
877 1739 981 1797 omnis
1003 1737 1185 1812 accipiatur.

253 1833 322 1911 §a
369 1834 399 1894 b.
445 1837 618 1912 Kriiger,
643 1853 719 1895 van
743 1835 1006 1910 Herwerden,
1031 1835 1245 1893 Tournier.
1275 1835 1317 1893 Hi
1338 1835 1438 1893 Hero·

209 1933 275 1991 doti
296 1933 432 1992 editores
454 1951 518 1993 non
541 1935 644 1992 solum
666 1951 775 1994 vocem
797 1931 998 2011 ἐπίγραμμα,
1026 1951 1123 2008 quam
1146 1933 1319 2008 Bergkium
1341 1932 1438 1990 elimi-

210 2030 339 2089 navisse
367 2031 521 2107 vidimus,
553 2032 609 2090 sed
635 2031 824 2092 senteutiam
846 2030 951 2110 diserti
974 2027 1008 2091 τὸ
1029 2033 1084 2090 τοῦ
1105 2027 1234 2108 μάντιος
1255 2028 1437 2106 ἐπίγραμμα

209 2130 307 2187 totam
330 2131 460 2188 censent
480 2129 676 2188 insiticiam·
702 2129 806 2198 Quam
828 2131 863 2188 ut
884 2130 1025 2188 delerent
1045 2146 1100 2187 eos
1121 2128 1277 2204 imprimis
1299 2127 1438 2186 movisse

210 2227 336 2287 videtur
368 2229 570 2288 accusativus
601 2230 673 2303 post
704 2227 892 2286 adverbium
925 2225 988 2296 ἔξω
1020 2227 1040 2305 ἢ
1072 2227 1198 2286 insolite
1225 2244 1283 2301 pro
1310 2225 1434 2301 dative,

209 2343 304 2399 quern
333 2326 489 2385 sententia
517 2326 693 2402 flagitaret,
725 2325 887 2384 adhibitus
908 2323 946 2401 3).
982 2325 1138 2383 Tournier
1168 2324 1259 2402 (Rev.
1291 2325 1330 2383 de
1357 2323 1433 2398 phil.

211 2423 304 2498 1886,
339 2441 370 2498 p.
395 2422 446 2499 69)
479 2426 642 2499 praeterea
674 2423 715 2482 ab
746 2425 806 2482 hoc
836 2424 904 2482 loco
935 2423 1071 2481 alienam
1103 2422 1194 2481 duxit
1222 2423 1437 2497 exceptionem

209 2521 374 2597 Megistiae
410 2522 668 2598 epigrammatis,
710 2521 795 2596 quod
831 2505 921 2579 nulla
957 2538 1054 2581 causa
1091 2523 1261 2596 appareat,
1303 2537 1367 2594 qua
1404 2536 1438 2577 re

209 2620 388 2695 Megistiam
404 2637 440 2678 eo
454 2620 652 2695 privaverint
666 2620 788 2678 honore
802 2620 1067 2696 Amphictyones,
1091 2637 1156 2694 quo
1171 2621 1291 2680 ceteros
1306 2635 1434 2691 omnes,

208 2719 265 2794 qui
292 2719 324 2777 in
356 2719 577 2795 Thermopylis
605 2719 802 2793 ceciderunt,
834 2719 981 2778 affecisse
1008 2719 1165 2778 dicantur.
1201 2719 1239 2777 At
1262 2735 1337 2777 vero
1359 2718 1438 2776 nihil

208 2819 333 2876 constat
348 2809 594 2893 Amphictyones
611 2817 711 2875 videri
730 2816 914 2893 denegasse
929 2817 1081 2876 honorem
1098 2817 1179 2892 vati,
1205 2819 1232 2875 si
1249 2834 1313 2875 non
1329 2817 1433 2892 ipsoS,

208 2915 264 2974 sed
288 2915 483 2974 Simonidem
504 2933 577 2974 eum
600 2916 740 2974 carmine
760 2932 895 2974 ornasse
915 2915 1174 2973 constituendum
1195 2915 1264 2973 erit.

249 3013 308 3071 His
337 3013 415 3071 viris
443 3014 544 3072 doctis
572 3013 757 3072 auctoribus
786 3029 897 3071 omnes
925 3013 1023 3088 igitur
1051 3013 1160 3087 cippos
1189 3012 1436 3086 Amphictyones

208 3111 355 3185 posuisse
375 3129 550 3185 omnesque
570 3111 809 3187 epigrammatis
830 3110 997 3169 ornavisse
1018 3110 1051 3168 in
1073 3110 1179 3184 priore
1200 3111 1289 3184 parte
1311 3111 1435 3167 senten·

208 3208 269 3267 tiae
296 3209 461 3283 dicuntur;
491 3211 623 3268 alteram
652 3211 758 3267 autem
787 3209 948 3268 continere
976 3222 1095 3266 meram
1120 3197 1374 3266 observationem
1397 3207 1437 3266 de

210 3306 373 3366 Simonide
394 3307 557 3383 Megistiae
577 3307 815 3383 epigrammatis
837 3309 974 3366 auctore.
1003 3308 1042 3365 At
1063 3307 1238 3381 quaeritur,
1263 3322 1340 3364 num
1363 3306 1436 3380 quis

209 3404 361 3472 Herodoti
393 3408 493 3465 aetate
523 3406 584 3464 dici
616 3407 754 3480 potuerit
785 3402 968 3482 ἐπιγράφειν
999 3401 1054 3464 τινὶ
1086 3402 1284 3481 ἐπίγραμμα,
1319 3403 1374 3477 qui
1402 3403 1435 3462 in

207 3503 341 3562 alicuius
370 3503 554 3563 memoriam
583 3505 779 3579 epigramma
808 3503 962 3576 condidit;
996 3502 1082 3560 unde
1110 3504 1273 3577 praeterea
1301 3502 1372 3576 post
1401 3497 1435 3560 τὸ

160 3656 163 3660 ,
208 3603 262 3660 τοῦ
289 3597 419 3677 μάντιος
446 3603 634 3677 suppleatur
659 3602 849 3661 vocabulum
872 3599 1071 3679 ἐπίγραμμα,
1103 3601 1130 3658 si
1152 3601 1307 3658 sententia
1329 3597 1434 3677 ἔξωῆ

207 3694 242 3756 τὸ
272 3702 327 3758 τοῦ
354 3697 483 3776 μάντιος
511 3697 576 3758 ἕπί
582 3720 655 3776 γρα
663 3721 687 3776 μ
695 3720 765 3776 μα,
800 3716 859 3774 pro
878 3699 1073 3782 ‚emblemate
1100 3697 1252 3773 habetur,
1287 3697 1434 3771 equidem

208 3813 271 3855 non
293 3814 458 3871 assequor.
1420 3803 1423 3810 '

248 3895 356 3969 Neque
378 3896 485 3971 magni
507 3898 570 3970 est,
600 3896 686 3970 quod
709 3896 864 3954 Tournier
887 3896 997 3956 scribit
1018 3895 1057 3953 de
1078 3893 1382 3968 Peloponnesiorum
1404 3899 1434 3950 et

210 3991 444 4067 Spartiatarum
475 3993 741 4069 epigrammatum
771 3995 971 4072 auctoribus:
1004 3991 1191 4051 ‘l’historien
1219 4007 1302 4050 sons
1330 3988 1436 4049 doute

208 4109 248 4150 ne
267 4093 461 4152 connaissait
483 4110 541 4169 pas
562 4094 608 4150 les
629 4095 761 4150 auteurs
783 4093 839 4151 des
861 4096 969 4152 autres
991 4092 1219 4168 epigrammes,
1250 4108 1292 4148 ou
1315 4087 1366 4147 s'il
1387 4089 1434 4148 les

207 4191 401 4249 connaissait
422 4208 462 4249 ne
482 4190 622 4249 trouvait
644 4207 749 4248 aucun
772 4191 886 4250 interet
907 4194 925 4249 a
948 4191 1071 4248 donner
1092 4189 1178 4247 leurs
1201 4186 1316 4246 noms’.

248 4289 333 4348 Haec
351 4289 516 4363 explicatio
532 4288 736 4347 difficultates
754 4306 818 4347 non
834 4289 943 4347 tollere
959 4288 1014 4346 sed
1031 4288 1174 4362 effugere
1189 4287 1315 4344 videtur
1331 4302 1435 4359 neque

207 4386 379 4460 quicquam
400 4387 554 4462 continet,
583 4386 668 4460 quod
690 4386 730 4444 ad
752 4387 855 4445 locum
877 4386 1109 4462 expediendum
1131 4386 1208 4444 utile
1228 4401 1298 4443 esse
1319 4383 1430 4459 possit.

240 4616 262 4678 3)
297 4620 414 4683 liriiger,
433 4634 513 4682 quem
530 4619 557 4668 in
576 4620 690 4670 editione
709 4625 817 4670 secutus¹
835 4624 875 4669 est
893 4636 942 4670 van
963 4619 1137 4681 liei-werden,
1155 4620 1226 4668 hisce
1238 4618 1324 4667 verbis
1336 4619 1433 4667 defun·

206 4703 289 4766 gitur:
308 4701 370 4762 *ἔξω
391 4740 395 4750 .
417 4740 422 4750 .
443 4740 447 4750 .
468 4740 472 4750 .
491 4699 641 4768 ἐπίγραμμα
660 4706 695 4754 ist
714 4706 781 4754 wohl
801 4721 831 4753 zu
850 4707 998 4768 streichen3
1015 4705 1156 4768 jedenfalls
1173 4707 1274 4754 miisste
1292 4707 1329 4766 τῷ
1349 4739 1354 4750 .
1375 4740 1379 4750 .
1401 4740 1405 4749 .
1427 4740 1432 4750 .

206 4783 380 4851 ἐπιγράμματι
402 4789 512 4838 steheu'.
