3572 5716
374 490 450 564 cap.
475 485 543 564 111,
568 489 622 564 aa,
647 489 695 548 aa.
957 488 1013 548 192

374 677 575 751 Quamquam
602 677 789 736 iamdudum
811 677 1020 736 Wachsmuth
1042 677 1076 735 in
1097 678 1145 737 ed.
1173 677 1301 737 Stobaei
1322 684 1491 740 monuerat
1512 681 1600 740 nihili

373 793 444 834 esse
465 775 681 834 auctoritatem
700 775 808 834 Ursini
829 774 911 833 ‘cum
930 775 982 833 ille
1000 777 1125 849 praeter
1144 776 1369 835 Canterianam
1388 778 1599 837 Farnesinum

374 874 476 932 solum
512 872 711 947 adhibuerit,
748 872 781 930 in
816 890 881 947 quo
918 871 1090 932 Simonidis
1122 891 1180 932 nec
1213 875 1282 932 vola
1314 892 1372 934 nec
1404 875 1596 952 vestigium’.

373 970 585 1030 Nihilominus
613 971 822 1028 Wachsmuth
853 970 922 1045 ipse
950 971 1092 1046 eclogae,
1127 988 1210 1044 quae
1237 972 1269 1030 in
1298 973 1445 1033 Parisino
1474 992 1600 1049 quoque

373 1072 502 1128 auctore
530 1069 630 1143 caret,
665 1067 827 1142 inscripsit
856 1064 1098 1145 <Σιμωνί1100>,
1133 1070 1219 1143 quod
1248 1087 1363 1129 nomeu
1392 1071 1491 1130 latere
1519 1073 1599 1131 arhi-

372 1167 519 1226 trabatur
540 1166 572 1224 in
594 1166 707 1224 litteris
727 1183 819 1243 μονου
838 1168 1056 1242 praecedentis
1074 1167 1202 1243 eclogae
1218 1168 1310 1226 titulo
1328 1169 1483 1244 appositis
1502 1170 1599 1244 quod·

373 1282 436 1341 que
470 1265 661 1324 confirmare
695 1265 782 1323 aliud
817 1265 1034 1324 testimonium
1069 1264 1097 1323 ei
1129 1265 1297 1324 videbatur
1329 1283 1373 1325 sc.
1404 1267 1500 1325 Anth.
1533 1268 1596 1326 Pal.

373 1362 556 1438 appendicis
581 1359 836 1439 [Jacohsiacae]
860 1381 892 1421 n.
906 1362 954 1421 84.
981 1361 1086 1422 Hunc
1102 1360 1214 1422 locum
1229 1379 1386 1440 0010010
1403 1362 1599 1424 testimonio

373 1458 693 1534 10101000011001,
713 1457 793 1536 ipsu
810 1458 902 1520 enim
923 1459 1040 1520 Ursini
1058 1457 1266 1521 auctoritate
1282 1458 1412 1521 01111111
1430 1460 1484 1539 (ci.
1503 1481 1599 1538 supra

373 1562 403 1618 et
433 1557 452 1636 ἓ
483 1557 539 1618 105
568 1576 599 1616 0.
626 1557 707 1634 150).
743 1559 852 1618 Ursini
873 1559 1036 1618 annotatio
1057 1559 1127 1617 viro
1149 1559 1325 1619 clarissimo
1345 1560 1420 1618 inde
1440 1563 1511 1620 orta
1532 1578 1600 1620 esse

374 1657 513 1731 videtur,
537 1657 624 1730 quod
649 1655 709 1714 ‘ille
730 1656 828 1715 ascito
849 1656 940 1714 titulo
961 1657 1087 1732 eclogae
1108 1656 1146 1715 22
1171 1653 1247 1733 [vid.
1265 1655 1363 1734 10110]
1387 1659 1599 1718 000100101010

373 1775 411 1816 ex
439 1755 628 1830 argumento
655 1751 750 1812 fecit'.
789 1753 945 1828 Equidem
967 1754 1073 1828 potius
1095 1755 1274 1829 putaverim
1296 1772 1367 1814 eum
1390 1755 1495 1830 ipsam
1516 1757 1599 1815 illam

373 1855 532 1928 eclogam,
570 1869 653 1927 quae
687 1854 759 1926 post
790 1869 966 1926 paucarum
997 1852 1180 1927 eclogarum
1210 1852 1414 1912 intervallum
1447 1857 1601 1928 sequatur

374 1949 529 2028 desitque
554 1948 592 2009 10
613 1947 687 2010 eiua
708 1946 991 2009 Simonideorum
1013 1947 1308 2026 epiqrummatum
1329 1948 1431 2026 serie,
1462 1953 1600 2026 recipere

373 2049 526 2123 voluisse,
550 2047 731 2123 argumenti
752 2064 828 2106 vero
850 2047 1056 2106 similitudine
1077 2048 1117 2106 ad
1138 2049 1277 2123 priorem
1298 2048 1477 2108 aberrasse.

413 2147 517 2205 Altera
539 2145 591 2204 illa
612 2145 720 2220 ecloga
744 2142 823 2221 (Ecl.
849 2145 946 2220 Phys
969 2143 994 2203 l.
1016 2145 1045 2204 8.
1066 2142 1118 2221 22)
1142 2163 1253 2206 revera
1275 2164 1346 2206 cum
1369 2147 1401 2205 in
1424 2148 1600 2206 Farnesino

373 2248 441 2304 tum
467 2245 500 2302 10
527 2243 673 2302 Parisino
693 2243 821 2301 titulum
843 2238 1028 2319 Σιμωνίδου
1051 2241 1300 2320 ἐπιγραμμάτων
1321 2246 1417 2304 1101101
1439 2246 1598 2320 appictum

374 2341 436 2420 (ep.
468 2338 556 2414 176):
590 2337 609 2398 ὅ
639 2362 684 2399 τοι
712 2337 829 2419 χρόνος
856 2337 931 2409 ὀξὺς
959 2337 1091 2406 ὀδόντας
1119 2339 1123 2417 Ι
1152 2340 1205 2400 καὶ
1233 2340 1333 2402 πάντα
1361 2341 1457 2421 ψύχει
1488 2341 1598 2419 (πάντα

372 2437 549 2518 καταψήχει
573 2438 730 2514 81010010,
756 2436 876 2514 Bergk)
899 2435 953 2497 καὶ
973 2435 1009 2497 τὰ
1031 2436 1199 2514 diatritam.
1224 2440 1295 2508 Qua
1318 2459 1393 2499 vero
1415 2442 1599 2500 auctoritate

373 2541 484 2598 nititur
514 2537 566 2596 hic
597 2537 726 2611 titulus,
761 2553 856 2611 quem
887 2536 1006 2594 iontem
1041 2535 1199 2595 Stohaeus
1230 2539 1280 2596 vel
1311 2539 1503 2614 anthologii,
1537 2555 1598 2613 quo

373 2652 453 2693 usus
476 2634 534 2708 sit,
559 2634 765 2692 concinnator
786 2632 955 2692 adhibuit?
978 2635 1048 2692 Hae
1069 2635 1271 2707 quaestiones
1293 2653 1357 2694 000
1380 2637 1484 2694 001010
1505 2637 1599 2695 eade

338 2777 341 2784 .
373 2751 470 2792 eausa
497 2732 550 2790 vix
572 2731 652 2790 solvi
674 2732 826 2805 possunt,
858 2732 943 2805 quod
967 2732 1058 2790 valde
1078 2732 1243 2791 intricatae
1265 2736 1340 2792 sunt
1361 2734 1597 2809 disquisitiones

372 2832 412 2889 de
445 2830 674 2905 florilegiorum
709 2830 844 2888 istorum
878 2830 1002 2904 origine
1035 2831 1067 2887 10
1102 2831 1311 2906 universum,
1350 2833 1406 2890 sed
1438 2835 1597 2907 practerea
1706 2911 1707 2915 Ἰ

373 2929 459 3004 quod
487 2929 520 2986 in
549 2929 610 2986 illis
639 2928 897 3004 epigrammatica
920 2929 1025 3003 poesis
1046 2930 1171 2986 tantum
1194 2947 1257 2987 000
1280 2930 1473 3006 neglegitur,
1506 2934 1597 3005 atquc

373 3028 451 3086 adeo
482 3027 707 3100 sesquiversus
738 3026 807 3100 ipse
838 3043 880 3084 00
908 3044 1020 3085 revera
1048 3027 1286 3102 epigrammatis
1315 3028 1356 3086 sit
1384 3028 1596 3103 fragmentum

372 3126 442 3184 iure
462 3125 669 3183 dubitaveris.
694 3125 844 3182 Fortasse
862 3124 1004 3183 conicere
1019 3125 1089 3183 licet
1106 3141 1220 3183 versus
1235 3142 1274 3183 ex
1291 3125 1445 3200 scriptore
1461 3126 1595 3200 quodam

374 3222 414 3300 (e.
429 3242 459 3298 g.
477 3241 516 3281 ex
538 3223 737 3296 Herodian0,
763 3239 857 3295 quem
879 3239 918 3280 011
941 3222 1065 3281 Corona
1087 3223 1264 3298 Meleagrea
1285 3223 1429 3297 exempla
1450 3223 1596 3297 petivisse

373 3322 511 3379 vidimus
541 3317 560 3396 ξ
590 3316 642 3394 64)
672 3318 813 3392 pleniore
840 3319 932 3377 titulo
959 3322 1090 3378 ornatos
1119 3317 1165 3385 ὡς
1190 3316 1376 3398 Σιμωνίδης
1397 3319 1429 3380 ἓν
1451 3324 1513 3386 τοῖς
1533 3319 1595 3379 ἑπι-

373 3417 555 3497 γράμμασιν
575 3434 646 3476 0000
667 3417 836 3476 0100001100
860 3414 912 3493 (01.
937 3416 956 3496 §
981 3415 1067 3494 113);
1091 3436 1131 3478 an
1150 3418 1355 3494 cogitandum
1373 3418 1413 3477 de
1430 3419 1592 3491 Favorini,

372 3518 428 3591 qui
458 3518 552 3575 etiam
585 3517 741 3576 Coronam
775 3517 863 3574 novit
896 3514 931 3593 (ἕ
961 3513 1029 3591 53),
1065 3516 1299 3591 Gnomologicis
1330 3515 1383 3592 (de
1411 3514 1529 3589 quibus
1556 3515 1592 3573 ci.

372 3615 596 3689 Wachsmuth,
617 3613 750 3674 Studien
766 3632 804 3672 zu
820 3615 881 3672 den
897 3632 944 3690 gr.
960 3614 1162 3688 Florilegien,
1182 3614 1264 3672 Berl.
1281 3613 1357 3672 1882
1373 3632 1402 3687 p.
1419 3611 1474 3671 131
1491 3610 1594 3689 sqq.)?

375 3712 437 3772 Sed
466 3713 538 3771 nolo
566 3713 598 3770 in
628 3729 662 3770 re
689 3715 753 3771 tam
782 3712 902 3771 incerta
923 3712 1090 3786 indulgere
1110 3711 1309 3770 coniecturis.
1346 3711 1484 3785 Bergkio
1504 3713 1596 3784 atque

372 3812 545 3874 Hauvettio
559 3812 675 3869 horum
688 3827 840 3868 versuum
855 3810 934 3868 adeo
946 3806 1138 3874 auctoritas
1152 3807 1333 3868 Simonidea
1345 3808 1508 3882 explorata
1519 3811 1592 3867 erat.

748 4007 750 4012 ’
869 4015 917 4074 23.
964 4027 1098 4074 sumas.

414 4203 432 4280 ξ
458 4205 523 4263 111.
570 4201 620 4263 De
636 4219 709 4280 epp.
729 4200 885 4263 esdoth.
905 4199 1002 4278 Ceph.
1015 4199 1148 4278 petitis.
1196 4201 1313 4262 Suidas
1332 4202 1497 4262 arcessivit
1512 4219 1592 4277 epp,

372 4321 455 4378 quae
471 4304 597 4378 laudat,
621 4302 802 4362 Simonidea
820 4319 859 4359 011
877 4301 1019 4360 fontibus
1038 4301 1165 4360 duobus
1182 4302 1335 4376 (11101010,
1357 4318 1396 4359 011
1410 4299 1596 4374 Anthologia

373 4401 554 4475 Cephalana
576 4403 605 4459 et
627 4418 665 4458 ex
687 4399 896 4474 scriptoribus
903 4417 911 4473 ;
934 4417 998 4473 quo
1020 4400 1157 4474 factum,
1182 4401 1217 4457 ut
1234 4417 1321 4458 0000
1339 4399 1379 4457 ad
1397 4398 1596 4457 traditionem

375 4499 396 4558 S
419 4517 505 4558 0000
526 4499 566 4557 ad
587 4500 613 4558 A
634 4499 823 4573 pertinentia
845 4499 1074 4574 epigrammata
1096 4498 1235 4556 01101101.

414 4596 531 4656 Suidas
563 4595 815 4671 ‘Aristophanem
845 4596 872 4654 si
900 4596 1018 4670 excipis
1047 4596 1171 4654 nullum
1200 4596 1297 4655 alium
1326 4595 1514 4669 scriptorem
1534 4596 1596 4652 tam

372 4695 554 4771 frequenter
583 4695 672 4769 citat,
704 4712 801 4770 quam
829 4694 1096 4769 epigrammatum
1124 4694 1250 4768 Corpus
1279 4711 1343 4752 non
1372 4693 1482 4751 multis
1507 4691 1596 4751 annis

373 4797 446 4852 ante
473 4811 491 4852 a
521 4793 730 4852 Constantino
758 4789 925 4869 (Cephala)
953 4790 1125 4867 paratum'.
1161 4791 1250 4860 Quae
1272 4791 1370 4850 verba
1391 4792 1468 4849 sunt
1492 4790 1596 4850 Stern-
