3516 5712
754 522 809 583 151
1222 523 1320 602 cco,
1345 525 1393 585 a1.

171 708 225 767 212
247 707 314 784 sq.)
338 711 468 783 spectat.
493 709 558 768 Viri
580 710 662 768 docti
684 727 760 769 vero
782 727 900 786 negare
921 711 1023 770 solent
1044 712 1240 787 epigramma
1262 713 1315 771 VI.
1339 713 1395 772 144

170 807 326 881 pertinere
354 807 396 866 ad
423 807 567 866 ordinem
595 808 849 867 Anacreonteum
880 806 1029 885 (Jacobs,
1061 810 1184 885 Bergk,
1218 809 1395 869 Sterubach

170 903 237 963 Mel.
262 905 318 964 Gr.
351 903 368 964 Ι
400 923 430 980 p.
460 905 532 980 107,
570 905 790 981 Stadtmiiller,
825 904 909 981 alii),
944 907 976 965 in
1010 907 1077 966 cod.
1111 907 1176 966 Pal.
1207 907 1292 967 enim
1322 910 1397 967 ante

168 1003 364 1078 epigramma
393 1020 529 1063 vacuum
558 1003 599 1062 ab
627 1003 652 1061 A
680 1003 823 1062 relictum
850 1005 898 1062 est
920 1005 1059 1080 spatium
1081 1022 1137 1063 sex
1158 1005 1331 1081 linearum,
1361 1006 1394 1065 in

168 1118 231 1175 quo
251 1101 395 1159 extitisse
415 1103 529 1176 putant
549 1101 746 1176 epigramma
768 1097 969 1179 Σιμωνίόὸυ,
995 1102 1081 1176 quod
1098 1103 1267 1177 respiceret
1282 1104 1395 1163 titulus

167 1201 221 1257 τοῦ
250 1197 358 1258 αὐτοῦ.
390 1199 460 1267 Quo
481 1200 618 1274 iactum,
649 1201 685 1257 ut
706 1199 871 1258 titulorum
894 1216 1061 1259 consensu
1084 1199 1150 1276 (VI.
1176 1199 1233 1258 144
1255 1198 1393 1277 61213*)

167 1298 340 1356 constituto
371 1297 431 1355 viri
463 1298 494 1356 d.
506 1343 514 1372 ,
549 1297 604 1372 qui
632 1298 848 1356 Anacreontea
876 1315 946 1373 epp.
978 1299 1152 1357 tractarent
1173 1295 1225 1373 118)
1256 1298 1315 1357 hoc
1342 1315 1391 1373 ep.

166 1397 276 1469 utpote
308 1393 527 1454 Simonideum
558 1397 684 1454 tantum
711 1413 776 1453 non
807 1384 1024 1471 neglegerent,
1060 1396 1115 1469 qui
1146 1395 1327 1455 Simoniden
1355 1429 1395 1438 —

165 1492 249 1551 inter
269 1509 353 1567 quos
374 1493 468 1552 etiam
486 1493 633 1552 Wilhelm
654 1525 694 1535 —
714 1493 922 1552 Anacreontei
942 1492 1026 1552 tituli
1044 1493 1198 1552 rationem
1217 1511 1282 1552 non
1300 1495 1395 1554 habs·

166 1593 246 1649 rent.
284 1589 319 1649 si
347 1607 423 1648 vero
450 1590 584 1649 lacunae
611 1590 744 1649 nimium
769 1590 921 1649 tribuisse
942 1591 1029 1651 viros
1050 1591 1160 1650 doctos
1182 1592 1396 1651 demonstrari

165 1688 297 1763 poterit,
325 1689 543 1763 quaestionem
565 1689 604 1748 de
624 1689 790 1748 titulorum
812 1688 996 1748 diversitate
1017 1706 1053 1748 ac
1074 1689 1258 1749 condicione
1278 1691 1395 1765 adipis·

165 1803 275 1845 cemur
295 1788 363 1846 iere
382 1788 549 1864 integram.
578 1787 685 1846 Huius
707 1790 813 1846 autem
835 1787 1031 1862 quaestionis
1053 1787 1238 1847 tractandae
1259 1789 1394 1848 facultas

164 1885 296 1945 omnino
323 1885 452 1945 demum
479 1886 553 1946 data
581 1889 646 1962 est,
677 1889 849 1962 postquam
879 1885 1087 1945 Stadtmiiller
1113 1885 1256 1944 locorum
1278 1885 1394 1944 codicis

165 1983 318 2060 Palatini,
343 1985 478 2058 quaein
501 2002 632 2044 censum
653 1985 805 2059 veniunt,
828 1986 1009 2044 accuratam
1028 1983 1114 2042 dedit
1130 1983 1390 2058 descriptionem,

164 2081 312 2140 Wilhelm
346 2084 437 2158 prius
472 2083 569 2142 huius
603 2082 842 2158 epigrammatis
873 2080 1031 2140 distichon
1063 2081 1194 2156 agnovit
1225 2080 1259 2138 in
1290 2081 1394 2155 lapide

164 2179 299 2254 eiusque
319 2180 524 2240 imitationem
547 2181 580 2239 in
601 2181 808 2256 inscriptione
828 2181 928 2239 Attica
951 2180 1062 2267 aetatis
1083 2179 1304 2254 imperatoriae
1325 2177 1389 2254 119).

203 2277 432 2353 QuaestioneS,
463 2296 545 2353 quae
573 2296 646 2338 curn
674 2279 734 2338 hoc
759 2279 987 2354 epigrammate
1008 2278 1141 2351 eiusque
1161 2276 1261 2335 titulis
1282 2277 1392 2335 cohae-

165 2377 251 2450 rent,
283 2392 340 2434 eae
368 2379 460 2451 sunt,
491 2379 527 2435 ut
554 2377 731 2452 obtegenda
759 2376 943 2434 notitiarum
972 2375 1156 2434 diversitate
1183 2374 1304 2433 tibimet
1331 2373 1393 2448 ipsi

166 2472 248 2530 viam
278 2473 319 2530 ad
347 2472 418 2532 illas
448 2474 617 2533 solvendas
645 2474 829 2549 obsaepias,
861 2473 1051 2548 accipiendis
1073 2490 1149 2531 vero
1171 2470 1392 2546 discrepantiis

164 2587 216 2628 eas
238 2571 270 2630 16
291 2571 474 2630 soluturum
495 2589 566 2631 esse
587 2590 716 2647 sperare
737 2573 852 2647 possis
880 2573 936 2631 Vel
956 2589 992 2631 ea
1014 2572 1053 2630 de
1073 2589 1171 2630 causa
1193 2570 1270 2629 viris
1292 2569 1392 2628 doctis

163 2684 201 2725 ex
222 2685 277 2743 eo,
302 2669 389 2743 quod
411 2672 485 2728 ante
505 2687 553 2746 ep.
569 2671 621 2729 VI.
642 2671 698 2729 144
720 2671 834 2730 lacuna
856 2670 954 2729 unius
975 2669 1215 2744 epigrammatis
1236 2667 1391 2726 ambitum

164 2767 376 2842 complectens
398 2771 483 2827 extat
503 2769 675 2843 ipsumque
695 2769 891 2844 epigramma
909 2769 962 2827 Vl.
984 2766 1058 2826 213*
1077 2764 1279 2827 Simonideo
1301 2766 1392 2824 titulo

163 2866 312 2939 ornatur,
344 2864 501 2926 deducere
521 2884 585 2926 non
606 2868 734 2926 licuisse
755 2868 918 2943 putaveris
940 2867 1089 2925 lacunam
1110 2883 1265 2940 occupare
1286 2865 1390 2923 locum

163 2962 403 3037 epigrammatis
431 2962 643 3040 Simonidci,
678 2965 764 3040 quod
795 2966 907 3023 titulus
939 2964 1040 3022 nostri
1068 2963 1307 3038 epigrammatis
1336 2965 1391 3020 τοῦ
1454 3028 1456 3032 ,

163 3056 259 3119 αὐτοῦ
287 3060 468 3135 respiceret.
506 3061 568 3121 Sed
590 3080 628 3121 ex
649 3063 752 3137 ipsius
773 3063 831 3121 loci
853 3063 983 3136 aspectu
1005 3078 1134 3135 quoque
1154 3061 1207 3120 illa
1229 3061 1391 3120 conclusio

163 3159 330 3218 temeraria
359 3175 429 3218 esse
457 3160 592 3219 videtur.
629 3159 741 3220 Scriba
769 3161 794 3218 A
821 3160 906 3219 enim
934 3159 1131 3234 epigramma
1158 3176 1222 3217 non
1244 3161 1391 3218 ornasset

163 3256 253 3316 titulo
280 3259 337 3316 τοῦ
365 3254 479 3333 αὐτοῦ,
514 3258 576 3316 nisi
603 3258 702 3317 eidem
732 3260 842 3332 poetae
869 3257 1025 3315 tributum
1053 3256 1086 3314 id
1116 3256 1268 3316 voluisset
1295 3259 1392 3330 atque

163 3354 392 3429 epigrammata
424 3356 642 3429 praecedentia
676 3354 742 3433 (VI.
768 3353 957 3430 134-143),
993 3372 1097 3429 neque
1126 3355 1230 3414 scriba
1259 3356 1283 3415 G
1312 3357 1391 3413 teste

112 3481 115 3488 -
163 3451 229 3508 eius
247 3454 324 3510 nota
344 3450 397 3528 (οὐ
415 3449 509 3512 λείπει
527 3451 573 3520 ὡς
591 3450 692 3531 οἶμαι,
714 3455 753 3513 ci.
771 3454 856 3512 inira
874 3471 904 3528 p.
925 3452 995 3529 158)
1016 3453 1212 3529 epigramma
1227 3453 1283 3512 h.l.
1302 3453 1391 3510 novit

163 3548 223 3607 nisi
254 3551 523 3624 Anacreonteum
555 3552 663 3627 itaque
691 3553 717 3611 si
745 3553 859 3612 lacuna
888 3568 1024 3627 arguere
1052 3551 1178 3610 videtur
1205 3551 1288 3609 inter
1315 3567 1387 3624 epp.

163 3647 213 3705 Vl.
247 3647 304 3706 143
336 3650 367 3706 et
396 3647 451 3706 144
480 3649 675 3725 epigramma
703 3650 864 3724 quoddam
892 3666 963 3708 esse
990 3649 1162 3722 omissum,
1197 3648 1390 3705 sumendum

194 3815 240 3879 1¹⁸)
274 3818 368 3880 Berqlr
383 3817 455 3867 PLG.
470 3817 526 3869 111⁴.
541 3819 605 3883 281,
623 3820 674 3869 Leo
691 3820 798 3882 Weber,
817 3820 1000 3869 Anacreontea
1014 3819 1088 3870 (diss,
1104 3819 1208 3879 inaug,
1226 3815 1390 3877 tht.1895)

164 3915 186 3963 p.
194 3900 233 3950 35.
251 3927 284 3936 -
304 3902 483 3952 Wilumowitz
499 3905 547 3953 hoc
561 3919 601 3966 ep.
615 3905 743 3968 neglexit,
756 3919 818 3953 cum
832 3921 854 3968 p.
865 3903 915 3954 318
927 3905 959 3953 de
972 3903 1123 3954 Simonidea
1135 3899 1390 3964 661161112126611,

163 3985 189 4034 in
206 4002 259 4050 qua
275 3988 440 4050 epigramma
458 3993 550 4051 utpote
568 3990 620 4038 iam
639 3989 680 4038 Vl.
698 3988 748 4038 144
766 3989 914 4038 exhibitum
933 3988 1021 4037 omitti
1039 3989 1119 4050 solet,
1137 3986 1285 4034 dissereret.

195 4068 239 4131 119)
274 4071 408 4122 1161166116
431 4088 453 4136 p.
472 4071 536 4136 133,
561 4089 726 4138 quamquam
751 4074 775 4124 ei
798 4074 862 4122 adeo
886 4072 1071 4123 Stadtruiilleri
1094 4071 1174 4120 editio
1199 4075 1301 4132 praesto
1319 4077 1389 4133 crat,

163 4157 282 4206 lacunam
307 4173 340 4207 ne
364 4159 467 4207 novisse
489 4158 597 4221 quidem
622 4160 728 4210 videtur
746 4173 833 4221 neque
851 4159 924 4206 tituli
943 4158 1117 4206 Anacreontei
1135 4156 1290 4218 ceteroquin
1309 4156 1390 4204 ratio·

164 4255 221 4290 nem
247 4242 351 4292 habuit.
380 4242 481 4292 lterum
499 4257 561 4292 cum
580 4244 611 4294 de
628 4245 679 4295 hoc
696 4244 887 4307 epigrammate
905 4243 1053 4305 disputaret
1071 4240 1155 4291 *Bull
1172 4241 1205 4289 de
1223 4243 1249 4289 ln
1266 4256 1316 4289 soc.
1335 4245 1390 4290 nat.

164 4323 206 4372 des
232 4326 398 4390 antiquaires
423 4326 455 4375 de
481 4327 506 4376 la
533 4325 631 4376 France
656 4327 724 4378 1900
752 4327 812 4376 fasc.
839 4325 853 4374 1
881 4327 945 4376 satis
971 4326 1094 4375 habuisse
1122 4325 1228 4373 videtur
1254 4324 1390 4374 Wilbelmi

163 4408 328 4472 scriptionem
354 4411 459 4461 referre.
486 4411 599 4461 Summa
624 4413 697 4462 enirn
723 4412 781 4461 eius
807 4411 995 4474 disputationis
1019 4411 1081 4460 Rev.
1105 4411 1138 4458 de
1162 4409 1228 4459 Pbil.
1253 4409 1299 4470 25,
1324 4407 1387 4458 1901

163 4506 187 4553 p.
210 4492 301 4556 167,a5
328 4496 392 4545 haec
417 4511 473 4545 esse
499 4495 671 4559 perhibetur:
698 4493 804 4560 ‘prouve
830 4497 905 4545 sinon
933 4495 1129 4544 l'authenticite
1155 4495 1187 4543 de
1213 4493 1390 4542 l'attributiou

165 4572 206 4636 (66.
229 4580 427 4642 epigrammatis
449 4580 599 4643 Simonidi)
622 4596 657 4630 au
683 4582 769 4632 moins
790 4580 943 4644 l'antiquite
967 4582 998 4629 de
1021 4578 1204 4644 l'epigrarnme
1227 4579 1345 4643 quoique
1365 4579 1389 4628 16

164 4658 318 4726 dedistique
334 4664 367 4712 de
384 4663 561 4726 l'Anthologie
580 4667 696 4728 paraisse
714 4667 777 4714 d'un
796 4666 1005 4730 interpolateur'.
1022 4689 1054 4697 —
1075 4665 1225 4728 Antequam
1235 4665 1390 4712 Simonides

166 4743 271 4796 1111161116
288 4748 315 4796 iu
333 4746 448 4798 Siciliam
466 4749 563 4799 abierit
580 4749 613 4810 (c.
631 4764 655 4799 a.
674 4749 736 4812 476)
753 4765 793 4814 ep.
811 4752 947 4800 conditum
965 4764 1022 4799 essa
1039 4749 1135 4799 debere
1152 4755 1242 4800 censet
1256 4750 1390 4798 Kirclmer

164 4827 260 4894 Prosop.
279 4831 333 4881 Art.
351 4832 374 4883 Il
392 4847 416 4898 p.
434 4831 466 4882 12
484 4849 509 4882 n.
529 4829 603 4885 9084.
