3572 5716
345 518 420 598 Cap.
444 517 512 597 III,
536 518 584 582 32.
926 517 985 581 208

343 709 485 768 imitatur
516 707 688 768 Simonidei
716 708 955 784 epigrammatis
976 708 1015 767 98
1036 708 1172 766 formam
1194 708 1219 766 Α
1242 701 1376 786 (οὗτος
1391 704 1571 788 Ὀδυσσῆος

343 805 481 866 κείνου
509 804 649 884 τάφος,
679 805 722 868 ὃν
750 803 815 866 διὰ
843 803 969 866 πολλὰ
992 803 1179 884 Ἕλληνες
1206 804 1269 866 κτλ.
1298 807 1366 866 1011.
1395 826 1421 867 1.
1451 803 1570 874 οὗτος

339 901 542 982 Ἀδειμάντου
568 903 705 963 κείνου
732 901 874 981 τάφος,
901 902 945 962 ὃν
971 899 1035 963 διὰ
1059 905 1167 963 πᾶσα
1190 900 1326 970 Ἑλλὰς
1347 903 1427 981 nal,
1458 906 1503 965 sic
1523 907 1565 981 A,

346 1003 367 1062 S
390 1021 466 1062 vero
487 997 525 1062 οὗ
548 998 598 1061 διὰ
619 998 738 1077 βουλὰς
758 998 846 1077 nrt).
872 1002 930 1076 Ep.
945 1001 1043 1077 igitur
1058 1019 1097 1060 ex
1114 1001 1224 1060 eodem
1242 1002 1330 1060 fonte
1347 1003 1375 1060 ei
1390 1003 1569 1063 innotuisse

343 1102 469 1160 videtur
490 1104 587 1175 atque
607 1099 772 1159 Collectori
792 1099 853 1174 ipsi
875 1116 918 1158 sc.
940 1116 980 1158 ex
1001 1100 1147 1174 Ephoro,
1172 1099 1443 1174 quemadmodum
1463 1118 1535 1176 epp.
1552 1101 1566 1160 1

343 1201 373 1256 et
394 1198 429 1274 2,
456 1216 539 1272 quae
561 1198 737 1258 secundum
758 1198 938 1272 exemplum
960 1198 1280 1274 Thermopylenrium
1301 1197 1566 1273 epigrammatum

344 1295 381 1356 92
402 1299 433 1355 11
454 1296 492 1355 94
513 1296 650 1355 formata
672 1297 764 1370 sunt,
793 1313 832 1354 ex
854 1296 1017 1354 Herodoto
1038 1296 1167 1354 novisse
1188 1296 1367 1355 censendus
1388 1299 1446 1356 est.

382 1395 475 1453 Nunc
496 1393 731 1468 quaerendum,
756 1411 835 1451 num
853 1392 982 1468 Sylloge
999 1392 1181 1452 Simonidea
1199 1393 1269 1468 ipsa
1287 1394 1328 1453 ab
1343 1395 1567 1454 Alexandrinis

343 1492 443 1568 poetis
471 1491 738 1567 epigrammaticis
766 1491 907 1549 adhibita
936 1491 986 1549 sit.
1021 1490 1083 1559 Qui
1111 1508 1184 1550 cum
1213 1491 1456 1551 Reitzensteinio
1477 1495 1567 1567 putat

346 1589 493 1650 Scholam
524 1591 689 1664 poetarum
721 1588 1053 1664 epigrammaticorum
1082 1589 1382 1663 Peloponnesiacam
1410 1589 1566 1664 imprimis

343 1687 486 1762 exemplo
507 1687 567 1745 sibi
589 1686 767 1761 sumpsisse
789 1685 1000 1761 Simonidem,
1025 1702 1158 1744 —eum
1180 1703 1241 1761 e.g.
1256 1704 1286 1760 p.
1303 1685 1359 1746 149
1381 1687 1447 1745 112
1469 1687 1568 1746 luisse

342 1786 417 1844 dicit
447 1785 515 1844 ‘das
543 1783 778 1858 Hauptvorbild
807 1783 863 1841 der
890 1781 1157 1858 Peloponnesier’,
1190 1783 1229 1842 cl.
1255 1801 1285 1857 p.
1311 1782 1368 1843 129
1394 1783 1445 1843 ‘da
1466 1785 1568 1860 Anyte

342 1884 441 1942 dfters
461 1883 513 1941 die
535 1880 923 1956 Simonides-Sammlung
943 1878 1084 1939 benutzt'
1108 1912 1164 1955 -,
1188 1881 1216 1939 is
1231 1881 1363 1956 accipiat
1378 1897 1508 1941 necesse
1521 1885 1567 1940 est

345 1981 494 2057 Syllogen
525 1978 741 2038 Simonideam
769 1977 810 2036 ab
836 1978 898 2037 illis
920 1978 1020 2052 poetis
1041 1995 1112 2036 esse
1133 1980 1332 2052 usurpatam.
1367 1979 1482 2054 Nobis,
1514 1979 1567 2053 qui

345 2080 495 2156 Syllogen
529 2077 744 2137 Simonideam
774 2077 910 2134 exeunte
942 2076 1068 2135 saeculo
1098 2078 1214 2150 quarto
1245 2077 1467 2135 concinnatam
1499 2093 1568 2135 esse

342 2180 492 2253 putemus
526 2176 622 2250 idque
656 2177 786 2250 propter
818 2174 887 2248 ipsa
921 2190 1054 2248 poeseos
1088 2173 1365 2249 epigrammaticae
1398 2173 1568 2232 litterariae

344 2276 541 2349 Scholaeque
562 2272 848 2348 Peloponnesiacae
869 2271 1042 2346 primordia
1065 2269 1100 2348 (ξ
1123 2271 1161 2329 24
1183 2289 1213 2346 p.
1227 2269 1296 2346 46),
1323 2272 1373 2330 vel
1389 2272 1567 2346 temporum

343 2374 423 2433 ratio
453 2373 575 2447 obstat,
609 2371 782 2446 quominus
814 2369 1058 2428 Reitzensteinio
1089 2370 1318 2442 assentiamur;
1351 2385 1416 2442 qua
1449 2368 1499 2426 vir
1528 2369 1563 2426 cl.

342 2473 411 2547 ipse
438 2487 515 2530 sane
543 2487 607 2528 non
632 2469 821 2542 offenditur,
852 2467 908 2542 qui
931 2467 1081 2542 Syllogen
1106 2466 1321 2526 Simonideam
1342 2465 1425 2524 circa
1447 2482 1566 2524 annum

342 2569 400 2627 460
434 2585 505 2627 1111
540 2567 718 2641 conditam,
756 2565 817 2623 illis
852 2566 958 2624 autem
993 2565 1094 2640 poetis
1126 2565 1253 2639 praesto
1285 2563 1385 2622 fuisse
1416 2564 1505 2637 putet
1534 2561 1565 2619 in

286 2725 288 2732 ,
343 2666 525 2724 recensione
553 2664 727 2723 recentiore
757 2659 1045 2737 ‘Peloponnesiaca’
1078 2659 1130 2738 (cf.
1163 2659 1182 2737 ξ
1210 2661 1248 2720 38
1277 2678 1308 2720 n.
1333 2647 1397 2737 ab(
1433 2661 1567 2720 Maxime

341 2767 448 2822 tamen
470 2762 610 2837 opinioni
632 2761 937 2821 Reitzensteinianae
958 2760 1149 2835 refragatur,
1173 2759 1260 2834 quod
1276 2759 1397 2817 nullius
1412 2758 1565 2834 epigram·

344 2861 436 2920 matis
460 2860 649 2935 Simonidei‚
678 2859 765 2934 quod
786 2859 854 2918 sive
875 2876 914 2917 ex
935 2860 1024 2916 textu
1048 2857 1069 2916 S
1093 2857 1160 2915 sive
1181 2874 1220 2916 ex
1241 2856 1409 2916 ordinibus
1433 2855 1565 2915 Simoni·

342 2959 409 3018 deis
438 2959 591 3017 Palatinis
619 2958 652 3016 in
683 2957 810 3033 Sylloge
838 2956 972 3015 affuisse
1000 2955 1120 3014 scimus
1149 2952 1208 3031 (ἐξ
1235 2952 1405 3030 99-101),
1436 2953 1565 3012 imitatio

341 3057 373 3115 in
397 3056 698 3131 Peloponnesiorum
720 3054 959 3131 epigrammatis
976 3053 1110 3111 indicari
1127 3054 1240 3127 potest.
1265 3053 1448 3127 Perpaucae
1468 3051 1565 3110 Simo·

343 3155 453 3213 nideae
479 3154 687 3228 imitationes,
718 3171 802 3228 quae
828 3153 915 3227 apud
942 3152 1012 3210 illos
1040 3150 1234 3225 deprehendi
1260 3150 1426 3224 dicuntur,
1458 3165 1565 3207 omues

342 3254 488 3327 sumptae
503 3254 579 3310 sunt
593 3269 631 3310 ex
646 3251 801 3310 eiusmodi
818 3249 1008 3310 Simonideis
1023 3247 1275 3324 epigrammatis
1294 3265 1432 3322 quorum
1447 3246 1566 3304 indoles

341 3367 476 3425 prorsus
511 3348 688 3408 abhorrens
723 3349 764 3408 ab
798 3347 1037 3424 epigrammatis
1074 3346 1265 3405 Simonideis
1295 3345 1434 3420 bellicis,
1472 3345 1566 3402 immo

342 3448 555 3507 Alexandrina
584 3447 759 3522 videretur,
792 3447 819 3505 si
844 3447 894 3506 eui
918 3445 1100 3504 Simonideo
1120 3444 1212 3502 titulo
1233 3443 1382 3502 destituta
1405 3442 1566 3518 proposita

341 3551 447 3605 essent
470 3545 546 3622 (eg.
570 3545 632 3603 ΑΡ.
654 3545 707 3603 VI.
733 3544 770 3603 52
791 3569 832 3592 =
855 3544 931 3603 Sim.
956 3561 1004 3617 ep.
1031 3542 1177 3602 1441011.
1202 3542 1321 3618 Anytes
1343 3559 1391 3617 ep.
1412 3541 1466 3600 v1.
1492 3540 1563 3615 123,

341 3644 447 3704 Niciae
473 3661 521 3719 ep.
546 3643 599 3701 VI.
631 3643 706 3715 122;
735 3642 797 3700 ΑΡ.
821 3642 892 3700 VII.
922 3642 980 3700 513
1009 3666 1048 3689 =
1079 3641 1156 3700 Sim.
1185 3657 1234 3714 ep.
1266 3640 1322 3699 115
1350 3641 1419 3699 coll.
1448 3641 1565 3716 Anytes

341 3761 389 3819 ep.
414 3744 484 3801 VII.
514 3742 589 3816 646,
623 3738 796 3799 Simonidis
818 3738 868 3796 vel
890 3736 1059 3798 Simmiae
1080 3756 1128 3814 ep.
1153 3739 1223 3796 VII.
1249 3737 1307 3797 647
1328 3764 1368 3786 =
1391 3737 1469 3796 Sim.
1495 3736 1564 3809 116;

341 3842 380 3901 cl.
406 3840 616 3900 Reitzenstein
645 3857 675 3914 p.
702 3837 775 3912 124,
809 3837 866 3895 128
889 3835 970 3912 sq.);
999 3854 1083 3912 quae
1103 3854 1174 3912 epp.
1201 3835 1383 3895 Simonidea
1405 3837 1565 3911 praeterea

340 3941 492 4014 leguntur
519 3939 625 3997 omnia
649 3938 682 3995 in
704 3935 893 4011 Anthologia
915 3935 1059 3994 Palatina
1081 3951 1181 4009 eaque
1201 3934 1235 3992 in
1256 3934 1452 4010 Meleagreae
1473 3934 1565 3993 Coro·

341 4055 401 4096 nae
426 4037 631 4113 fragmentiS,
662 4053 734 4094 cum
756 4037 863 4093 tamen
886 4034 1005 4092 nostris
1026 4034 1151 4093 indiciis
1173 4032 1277 4091 tribus
1300 4029 1335 4109 (ἓ
1358 4030 1410 4108 98)
1434 4033 1473 4091 ad
1498 4031 1565 4107 Syl·

340 4135 433 4210 logen
467 4133 682 4193 Simonideam
714 4132 826 4190 referri
854 4149 918 4191 non
946 4135 1077 4207 possent
1107 4129 1141 4208 (ξ
1172 4129 1255 4207 104).
1290 4131 1329 4189 In
1350 4130 1449 4190 altera
1470 4130 1565 4188 huius

341 4232 614 4292 commentationis
642 4233 733 4305 parte
760 4230 1032 4289 demonstrabitur
1060 4248 1130 4305 epp.
1160 4231 1214 4289 illa
1242 4229 1424 4288 Simonidea
1446 4245 1562 4304 pauca,

341 4330 473 4404 quaein
491 4345 623 4388 censum
643 4329 788 4404 veniant,
810 4329 954 4403 ipsorum
972 4345 1043 4386 esse
1061 4330 1227 4403 poetarum
1244 4326 1562 4401 Peloponnesiorum,

340 4430 436 4502 atque
472 4425 645 4485 Simonidis
680 4443 795 4485 nomen
830 4426 959 4485 demum
990 4425 1194 4485 librariorum
1226 4425 1319 4500 culpa
1350 4425 1503 4485 ascivisse
1532 4424 1564 4482 in

342 4525 466 4585 Corona
488 4524 674 4599 Meleagrea.

381 4623 528 4682 Ceterum
549 4622 619 4680 iure
639 4622 760 4682 efficias
779 4639 843 4681 non
861 4623 959 4682 totam
980 4622 1128 4681 Scholam
1149 4621 1448 4697 Peloponnesiaoam
1467 4620 1566 4679 Simo·

341 4721 446 4779 nidem
477 4736 547 4778 esse
579 4721 746 4795 sectatam,
781 4737 820 4778 ex
851 4738 888 4780 eo
920 4721 1006 4795 ipso,
1041 4720 1127 4794 quod
1155 4720 1212 4779 uni
1240 4737 1280 4778 ex
1307 4720 1405 4778 huius
1435 4718 1567 4778 Scholae

340 4819 470 4882 asseclis
498 4817 631 4878 imitatio
661 4818 834 4880 Simonidis
862 4819 1014 4896 imputari
1035 4819 1156 4878 solebat
1177 4836 1220 4878 sc.
1246 4819 1488 4878 Mnasalcae.
1523 4816 1567 4874 De
