3572 5716
778 525 836 585 219
1206 524 1225 603 ε
1249 526 1322 602 na,
1342 525 1416 596 ,129.

193 713 372 772 Mnasalcae
402 711 600 788 Simonideo‚
631 715 717 788 quod
745 715 777 771 in
806 714 868 772 ΑΡ.
899 713 983 790 (VII.
1012 713 1070 772 442
1097 712 1162 788 sq.)
1187 716 1415 788 consequatur,

193 829 235 870 sc.
256 829 304 886 ep.
326 813 577 887 Eurymedontio
600 813 656 874 106
678 813 711 871 in
731 813 888 873 Coronam
909 815 1070 888 receptum
1089 829 1159 871 esse
1178 811 1341 886 probabile
1358 813 1415 869 est.

193 909 298 967 Huius
321 927 396 968 vero
417 911 655 986 epigrammatis
679 909 765 987 (106)
788 911 903 969 lemma
924 910 1092 984 antiquum
1115 911 1184 968 leve
1205 910 1288 967 alere
1306 909 1418 967 vitium

191 1007 253 1066 iam
285 1008 485 1081 praecedenti
517 1006 536 1084 ᾖ
571 1009 695 1067 monui:
729 1007 771 1074 εἰς
803 1005 875 1074 τοὺς
905 1005 1058 1074 πεσόντας
1089 1005 1165 1083 παρ’
1190 1003 1419 1083 Εὐρυμέδοντα

191 1101 335 1174 ποταμὸν
358 1149 364 1163 .
390 1149 397 1162 .
423 1149 430 1163 .
456 1102 635 1184 ,Ἕλληνας
656 1140 694 1146 -
715 1107 813 1164 immo
830 1101 1028 1184 Ἀθηναίους.
1051 1106 1205 1164 Videntur
1226 1105 1324 1180 igitur
1344 1104 1419 1161 lem·

192 1204 313 1260 matum
339 1220 410 1277 epp.
430 1204 502 1262 VII.
527 1203 585 1262 442
608 1221 655 1278 sq.
678 1221 771 1263 voces
793 1204 907 1262 finales
929 1204 1063 1262 alicuius
1084 1203 1207 1262 librarii
1228 1220 1336 1261 errore
1356 1202 1418 1260 iam

190 1300 222 1357 in
252 1300 378 1360 Corona
407 1301 477 1358 Mel.
503 1301 673 1360 commisso
695 1302 802 1360 sedem
824 1302 1000 1360 mutavisse
1021 1304 1117 1375 atque
1138 1301 1171 1358 in
1193 1300 1283 1375 prius
1304 1300 1419 1358 lemma

187 1393 378 1474 Ἀθηναίους
412 1414 471 1471 pro
499 1393 670 1476 Ἕλληνας,
707 1399 740 1456 in
775 1398 935 1472 posterius
961 1395 1114 1476 Ἕλληνας
1145 1416 1204 1473 pro
1230 1394 1420 1474 Ἀθηναίους

190 1494 361 1569 ingruisse.
387 1495 543 1570 Tegeatici
559 1496 797 1571 epigrammatis
813 1498 928 1554 lemma
937 1541 945 1570 ‚
966 1497 1053 1570 quod
1070 1514 1157 1555 nunc
1173 1511 1416 1569 recuperamus,

193 1590 248 1668 (εἰς
278 1588 351 1658 τούς
382 1590 415 1650 έν
448 1589 545 1670 Τεγέᾳ
575 1590 727 1660 πεσόντας
756 1591 882 1672 ἀριστῆς
904 1591 1110 1671 Ἕλληνος)
1141 1596 1262 1652 rectum
1290 1593 1419 1667 quidem

191 1707 254 1749 non
270 1693 334 1765 est,
360 1691 416 1748 sed
430 1690 522 1748 facile
536 1691 628 1749 nobis
643 1691 875 1766 persuademus
890 1691 922 1749 id
937 1693 1118 1766 appositum
1134 1709 1205 1750 esse
1219 1691 1259 1749 ab
1274 1691 1415 1764 homine,

191 1790 245 1862 qui
273 1805 403 1846 versum
433 1788 579 1847 ultimum
609 1779 789 1848 contortum
811 1789 875 1847 iam
898 1807 962 1847 non
983 1790 1186 1864 intellegeret.
1222 1790 1291 1847 Hoc
1312 1789 1418 1846 autern

190 1887 304 1945 lemma
332 1888 526 1960 usurpatum
553 1903 623 1945 esse
652 1887 778 1945 videtur
808 1885 885 1962 (iam
913 1890 987 1946 ante
1008 1883 1193 1962 Cephalam)
1217 1887 1257 1946 ab
1279 1904 1331 1960 ec,
1363 1886 1423 1959 qui

191 1985 342 2043 carminis
373 1984 530 2058 Tegeatici
564 1984 620 2043 102
651 1988 761 2058 postea
792 1986 939 2044 lemmate
969 1985 1111 2060 ornavit,
1146 1987 1235 2043 textu
1262 1984 1418 2059 epigram-

192 2082 284 2140 matis
312 2082 415 2156 ipsius
436 2082 619 2156 ceteroquin
642 2100 705 2140 non
728 2084 886 2157 respecto:
909 2082 951 2149 εἰς
972 2079 1044 2149 τοὺς
1059 2079 1251 2160 Ἕλληνας
1271 2077 1343 2147 τοὺς
1364 2078 1419 2158 τὴν

194 2175 341 2255 Τεγέαν
369 2176 410 2237 a’i.
438 2200 469 2237 α.
502 2180 572 2237 Non
601 2179 781 2238 necessaria
810 2179 977 2255 igiturest
999 2180 1128 2256 Bergkii
1150 2179 1355 2254 transpositio
1377 2177 1419 2244 εἰς

191 2271 262 2342 τούς
289 2273 487 2352 Τεγεάτας
512 2273 584 2342 τοὺς
609 2273 664 2354 τὴν
686 2273 853 2336 Ἑλλάδα
875 2273 915 2335 έλ.
937 2299 968 2334 π.
1001 2278 1071 2337 Hac
1091 2279 1276 2336 lemmatum
1298 2277 1420 2335 ratione

192 2374 375 2432 confirmari
396 2374 523 2450 opinor,
553 2375 721 2448 quodiam
745 2375 855 2450 posui,
884 2376 1080 2434 Mnasalcam
1101 2377 1339 2452 epigrammatis
1363 2375 1419 2436 103

191 2488 261 2530 esse
282 2474 454 2530 auctorem.

231 2570 269 2627 ln
305 2571 366 2628 hoc
400 2587 448 2644 ep.
483 2570 673 2628 imitationes
709 2570 1013 2646 deprehenduntur,
1054 2573 1180 2646 praeter
1215 2572 1418 2647 praecipuam

192 2668 348 2744 Tegeatioi
368 2685 416 2742 ep.
433 2668 506 2744 102,
527 2668 794 2743 epigrammatum
815 2668 1070 2727 Simonideorum
1090 2669 1156 2745 137,
1180 2669 1251 2744 112,
1275 2669 1346 2745 105,
1368 2669 1416 2728 98.

193 2765 273 2840 Epp.
306 2765 363 2826 137
392 2768 422 2824 et
450 2765 488 2825 98
518 2765 719 2825 Corinthiaca
747 2766 780 2824 in
809 2766 885 2842 Syll.
913 2766 990 2825 Sim.
1015 2767 1148 2826 affuisse
1169 2769 1232 2826 iam
1253 2768 1420 2826 constabat

192 2881 230 2922 ex
257 2865 340 2923 trad.
366 2864 387 2922 S
411 2863 446 2941 (ᾗ
469 2862 538 2939 99),
569 2881 618 2938 ep.
641 2862 698 2923 105
720 2881 759 2921 ex
780 2864 892 2922 ordine
916 2864 1097 2924 Simonideo
1120 2866 1263 2924 Palatino
1287 2864 1322 2942 (ᾗ
1347 2863 1418 2940 101)

192 2963 220 3019 et
241 2961 417 3020 imitatione
438 2961 618 3019 Mnasalcea
641 2958 676 3037 (ἓ
702 2959 783 3036 127),
809 2979 896 3020 nunc
916 2963 1079 3036 praeterea
1101 2962 1255 3022 discimus
1276 2981 1346 3038 epp.
1362 2963 1419 3021 102

191 3061 221 3117 et
249 3059 306 3117 112
334 3059 367 3117 in
394 3059 454 3116 ΑΡ.
479 3058 563 3135 (VII.
585 3059 643 3118 512
664 3063 695 3119 et
716 3059 806 3118 XIII.
828 3058 879 3135 26)
903 3061 1088 3134 pervenisse
1109 3077 1147 3118 ex
1171 3059 1308 3137 Sylloge.
1345 3061 1419 3119 lmi-

191 3157 309 3215 tatione
330 3157 569 3232 epigrammatis
593 3159 649 3218 137
671 3159 883 3217 confirmatur
903 3157 1120 3224 Mausoleum
1138 3147 1241 3218 υευντ
1259 3175 1328 3217 esse
1345 3155 1419 3234 Syl-

192 3254 267 3332 loge
288 3252 508 3331 Simonidec,
524 3257 627 3316 lectio
648 3257 731 3316 enim
754 3255 933 3334 εὐθύμοχοι
954 3257 1134 3316 traditionis
1158 3256 1179 3316 S
1202 3257 1331 3331 propria
1352 3259 1416 3338 est,

191 3373 288 3429 quam
317 3372 375 3429 pro
404 3355 543 3430 genuina
571 3355 704 3415 lectione
730 3356 756 3413 A
785 3353 976 3434 ἀγχέμαχοι,
1007 3356 1039 3413 in
1069 3374 1133 3430 qua
1159 3355 1315 3431 oppositio
1337 3355 1420 3414 inter

190 3453 335 3511 hastatos
362 3453 507 3512 cominus
534 3455 630 3527 atque
652 3453 835 3529 sagittarios
857 3453 982 3511 eminus
1004 3455 1186 3528 pugnantes
1208 3452 1332 3526 integra
1355 3469 1419 3510 ser-

191 3553 263 3608 vata
290 3553 339 3608 est
366 3549 584 3626 (Wilamowitz
607 3551 727 3610 Comm.
748 3568 779 3625 p.
802 3549 850 3625 6),
882 3551 1094 3609 substituerat
1116 3551 1279 3610 Collector.
1317 3548 1419 3608 Simul

191 3649 323 3722 apparet
361 3647 457 3706 huius
496 3666 544 3723 ep.
580 3648 782 3707 traditionem
822 3648 843 3707 S
880 3648 1033 3707 habuisse
1068 3648 1205 3706 formam
1240 3648 1418 3722 pedestrem

191 3743 390 3823 εὐύὐμαχοι
404 3748 491 3820 apud
506 3747 702 3806 Athenaeum
718 3765 757 3805 ex
773 3747 1016 3806 Chamaeleonte
1030 3747 1207 3818 servatam,
1228 3744 1418 3803 reiciendam
1476 3755 1480 3760 ’

190 3861 260 3902 esse
288 3844 442 3918 poeticam
470 3841 643 3922 ι’όύμαχοι,
679 3862 776 3918 quam
804 3847 933 3904 auctore
961 3842 1133 3903 Plutarcho
1162 3860 1225 3900 non
1254 3842 1356 3899 solum
1386 3843 1418 3900 in

192 3940 394 4000 Corinthiaco
415 3941 470 4000 sed
492 3941 586 4000 etiam
608 3941 640 3998 in
663 3941 829 4016 Tegeatico
851 3958 1001 4000 revocare
1024 3939 1122 3998 voluit
1144 3939 1349 3998 Wilamowitz
1371 3940 1415 3998 l.l.

192 4039 238 4098 01.
263 4037 282 4115 ς
305 4039 343 4098 93
365 4057 396 4096 n.
418 4039 465 4098 45.
492 4039 635 4112 Denique
656 4039 849 4097 monendum
874 4039 999 4097 videtur
1021 4039 1216 4096 Mnasalcam
1237 4036 1334 4095 huius
1356 4039 1419 4112 epi·

192 4136 378 4210 grammatis
394 4153 524 4194 versum
540 4136 686 4195 ultimum
702 4136 839 4195 fortasse
853 4137 942 4194 aliter
958 4137 1157 4195 structurum
1172 4136 1285 4210 fuisse,
1305 4135 1332 4192 si
1347 4153 1419 4211 cog·

192 4235 290 4291 nitam
306 4233 471 4292 habuisset
485 4250 533 4307 ep.
548 4233 586 4292 96
601 4233 683 4292 trad.
699 4234 740 4308 A,
762 4234 795 4291 in
810 4252 874 4308 qua
886 4230 996 4299 Ἑλλὰς
1011 4234 1200 4293 attributum
1215 4232 1310 4291 habet
1324 4235 1418 4293 πᾶσα.

233 4329 252 4407 ς
277 4330 343 4389 129.
391 4329 440 4390 De
465 4348 514 4408 ep.
542 4330 590 4390 95
615 4329 654 4390 irc
680 4329 882 4391 Leonidam.
929 4333 1024 4389 Extat
1050 4331 1112 4388 ΑΡ.
1134 4333 1204 4390 VII.
1229 4330 1361 4404 30lep.
1386 4331 1419 4389 in

193 4428 364 4488 Leonidam
385 4431 416 4486 et
436 4431 593 4487 trecentos
618 4428 796 4503 Spartiatas
821 4429 898 4488 Sim.
920 4428 972 4487 95:

350 4523 479 4592 εὐκλέας
500 4523 552 4585 αἶα
573 4525 724 4595 κέκευθε,
748 4523 910 4595 Λεωνίδα,
933 4525 966 4586 οἳ
982 4523 1060 4602 μετὰ
1082 4529 1147 4585 σεῖο

390 4622 458 4702 τῇδ’
477 4623 608 4694 έδανον,
630 4622 781 4709 Σπάρτης
802 4623 980 4702 εὐρυχόρου
1002 4622 1145 4700 βασιλεῦ,

351 4719 502 4782 πλείστων
525 4719 562 4800 δὴ
586 4720 688 4792 τόξων
710 4745 740 4782 τε
761 4721 814 4783 καὶ
836 4721 1021 4784 ὠκυπόδων
1042 4722 1157 4791 οδένος
1178 4723 1284 4784 ἵππων

392 4814 548 4897 Μηδείων
569 4817 698 4898 ἀνδρῶν
719 4817 885 4898 δεξόμενοι
905 4818 1046 4898 πολέμῳ.
