3546 5724
388 475 451 521 XVI
753 473 983 521 OORRIGENDA
1007 474 1050 521 ET
1071 473 1248 520 ADDENDA.

489 650 549 712 Pau.
567 647 616 698 113
635 665 656 698 v.
675 647 699 698 9.
737 650 773 697 de
786 647 917 698 Pausania
929 649 1078 701 adversaria
1091 664 1139 698 suo
1155 648 1186 698 eri
1196 649 1333 698 litterariis
1348 650 1466 700 fontibus
1482 653 1611 714 supplenti

737 735 769 783 cs.
790 736 888 783 Busoit.
907 731 951 783 ΙΙ.ἱ
968 733 998 783 61
1020 750 1045 783 n.
1063 733 1086 783 λ.

516 837 527 868 r
568 818 649 867 rm»
676 817 708 868 28
733 833 785 882 pro
912 811 1025 882 pertexit
1094 820 1150 882 ioue
1227 820 1366 881 pertexuit.

516 921 527 951 r
572 902 621 952 130
641 921 652 950 r
679 900 763 966 30131.
799 903 898 953 Iniuria
921 903 997 952 omisi
1015 903 1153 951 exordium
1171 903 1263 951 scholii
1282 899 1356 964 (ἔνιοι
1373 897 1423 966 μὲν
1437 899 1550 952 Ἑλλάδα
1569 899 1612 968 τὴν

738 983 863 1036 Σικελίαν
878 983 1007 1050 ἤκουσαν,
1022 983 1088 1040 τινὲς
1103 981 1132 1053 δὲ
1144 983 1256 1036 Ἑλλάδα
1270 982 1317 1051 τὴν
1326 983 1454 1052 Ἀττικὴν)
1463 989 1489 1037 iu
1500 1003 1611 1038 errorem

739 1073 864 1122 inductus
882 1073 1025 1135 fragmenti
1044 1072 1155 1136 Ephorei
1172 1077 1247 1120 textu
1263 1073 1289 1121 iu
1304 1071 1391 1133 FHG.;
1410 1077 1468 1135 post
1479 1074 1525 1123 ida
1538 1074 1613 1122 verbo

737 1162 890 1221 sequuntur
917 1157 994 1206 verbo
1019 1157 1144 1206 cancellis
1170 1158 1288 1219 inclusa3
1315 1171 1346 1204 eu
1372 1172 1388 1205 o
1413 1158 1505 1207 scholii
1532 1159 1613 1207 formo

739 1242 863 1304 primaria
880 1243 967 1291 aliena
984 1256 1040 1291 esse
1059 1242 1139 1291 etium
1150 1242 1226 1290 docet
1235 1241 1340 1291 brevius
1354 1242 1385 1289 ad
1400 1243 1514 1291 eundem
1529 1244 1612 1290 lorum

739 1327 855 1375 scholion
875 1327 993 1375 eiusdem
1012 1326 1177 1389 argumenti,
1194 1326 1222 1374 in
1240 1340 1294 1389 quo
1309 1330 1367 1388 post
1382 1327 1518 1374 exordium
1537 1341 1613 1389 suum

740 1411 880 1460 laudatum
900 1411 1080 1474 fragmentum
1100 1411 1250 1472 Ephoreum
1268 1411 1360 1458 statim
1378 1411 1507 1473 sequitur.

517 1514 529 1543 u
592 1513 604 1544 u
642 1513 654 1544 r
674 1497 723 1546 ult.
737 1510 789 1558 pro
907 1491 1022 1558 ἕτοιμων
1090 1495 1147 1558 leye
1214 1489 1335 1557 ἑτοίμων.

517 1597 528 1627 r
572 1579 653 1629 131»
681 1578 714 1629 18
740 1579 888 1629 Scholiasta
911 1580 1042 1630 mentitur
1068 1580 1201 1642 professus
1228 1580 1255 1628 in
1281 1579 1355 1628 codd.
1379 1579 1539 1628 Theocriteis
1565 1580 1613 1642 logi

735 1657 835 1718 ’θεῖος
852 1660 956 1726 ἀοιδὸς;
974 1665 1105 1714 obversari
1121 1665 1190 1713 enim
1205 1664 1229 1712 ei
1242 1665 1347 1713 videtur
1359 1665 1431 1712 loeus
1443 1663 1487 1713 ilie
1501 1664 1614 1713 Plutonis

739 1749 801 1813 Rep.
821 1749 838 1798 1.
857 1747 901 1798 331
924 1749 957 1812 Ε,
977 1749 1022 1799 ubi
1040 1749 1188 1799 Simonides
1204 1745 1279 1802 θεῖος
1297 1743 1386 1802 ἀοιδὸς
1405 1752 1526 1810 vocatum
1545 1750 1611 1812 quod

740 1833 900 1884 dimensium
919 1834 945 1883 in
964 1849 1025 1883 ann.
1043 1835 1100 1884 crit.
1118 1834 1148 1882 ad
1168 1833 1276 1882 Theocr.
1295 1834 1393 1896 fugisse
1412 1833 1523 1883 videtur.

519 1937 531 1966 u
578 1917 658 1967 rud»
686 1918 719 1967 m
743 1933 795 1982 pro
912 1917 962 1967 1711
1088 1919 1145 1981 leue
1211 1917 1268 1968 178.

517 2021 529 2052 r
574 2001 624 2052 193
643 2021 655 2052 u
683 2003 715 2052 19
742 2001 849 2066 duddi
864 2005 945 2053 etium
965 2019 979 2052 a
997 1989 1079 2062 Sru'da
1090 2004 1258 2067 respiciturs
1270 2020 1292 2053 v.
1310 1999 1397 2067 ἐρήμη
1416 2000 1494 2066 δίκης
1513 1999 1613 2054 ....καὶ

737 2085 868 2151 ἐρημαίην
892 2084 1026 2152 σπήλυγγα
1050 2087 1154 2148 (debuit
1177 2084 1289 2136 σπιλάὸα
1313 2103 1352 2151 ep.
1378 2104 1400 2137 r.
1423 2087 1464 2150 2)·
1486 2083 1614 2152 ε’ρημικὸν

739 2168 874 2237 σπήλαισν.
