3516 5712
448 528 524 602 cap.
549 528 616 603 111,
640 527 669 586 9.
1037 525 1092 584 104

449 711 526 774 δέκα
553 709 711 792 μυριάδας
738 713 886 772 finxisset
899 711 950 788 37).
985 711 1045 781 Qui
1068 709 1156 772 έννέα
1178 730 1218 772 ex
1239 711 1336 772 εἴκοσι
1357 713 1435 771 oriri
1456 714 1611 789 potuerit,
1641 714 1649 770 i

449 814 557 889 aperto
585 815 647 872 est:
676 811 829 870 Aristides
857 811 1053 887 epigramma
1082 812 1285 888 neglegenter
1313 829 1350 870 ac
1375 812 1612 886 quodammodo
1636 831 1649 870 e

448 913 589 987 tempore
609 909 761 970 laudavit.

489 1010 602 1084 Itaque
621 1026 661 1067 ex
682 1007 814 1067 lectione
835 1005 932 1066 εἴκοσι
953 1024 1017 1065 11011
1040 1007 1143 1082 magis
1161 1024 1258 1082 quam
1272 1025 1312 1066 ex
1327 1010 1505 1067 ceterorum
1519 1009 1649 1084 epigran

449 1110 570 1167 matum
592 1106 738 1182 analogia
756 1107 981 1181 argumentum
1000 1105 1063 1179 peti
1081 1107 1184 1180 potest
1202 1106 1261 1165 hoc
1276 1106 1473 1181 epigramma
1488 1108 1649 1167 arcessitu]

449 1222 520 1265 esse
541 1222 559 1263 a
583 1203 759 1265 Scholiasta
781 1221 820 1262 ex
841 1203 1023 1278 anthologia
1044 1201 1183 1277 quadam
1208 1201 1293 1278 (Gor.
1311 1201 1411 1279 Mel.).
1436 1205 1477 1263 Et
1497 1205 1530 1262 in
1556 1204 1648 1264 Schc'

450 1305 553 1362 astam
573 1304 603 1362 et
624 1303 657 1361 in
681 1301 813 1362 Suidam
824 1299 864 1377 38)
887 1303 917 1359 et
938 1301 971 1358 in
993 1301 1162 1382 Aristidem
1183 1301 1381 1377 epigramma
1398 1306 1613 1378 propagatum
1631 1319 1647 1359 e

450 1419 488 1461 ex
517 1401 671 1476 scriptore
697 1399 847 1458 historico
876 1397 1051 1476 (Ephoro),
1083 1399 1175 1458 cuius
1201 1399 1345 1459 notitiam
1366 1417 1495 1475 quoque
1516 1403 1649 1459 servata:

450 1499 605 1558 habemus
633 1499 719 1575 apud
748 1499 919 1557 Iustinum.
956 1499 1140 1574 Praeterea,
1171 1498 1295 1557 etiamsi
1323 1500 1383 1558 hcc
1409 1517 1458 1575 ep.
1487 1499 1521 1558 in
1548 1500 1649 1558 Anthc

451 1597 632 1673 Cephalana
650 1597 784 1656 affuisse
798 1597 1056 1656 constituendum
1070 1598 1164 1671 esset,
1185 1595 1318 1655 Suidam
1333 1597 1438 1656 hocin
1450 1598 1648 1674 epigramma

451 1696 510 1754 hac
537 1695 726 1771 Anthologia
754 1713 818 1754 non
847 1712 943 1754 usum
972 1711 1042 1753 esse
1067 1711 1106 1753 ex
1132 1693 1249 1754 forma
1269 1696 1395 1770 glossae
1418 1691 1582 1772 (Ποικίλη
1605 1717 1649 1756 στι

451 1791 484 1853 ἔν
508 1791 656 1872 Ἀθήναις
684 1791 763 1853 ἔνθα
784 1791 970 1871 ἐγράφησαν
995 1791 1026 1852 οἳ
1046 1790 1079 1852 ἐν
1100 1788 1287 1869 Μαραθῶνι
1307 1789 1539 1871 πολεμήσαντες
1560 1792 1604 1860 εἰς
1626 1813 1649 1852 οι

451 1889 512 1950 ε’στι
533 1890 715 1971 ἐπίγραμμα
737 1889 824 1951 τόθε·
848 1909 913 1967 seq.
938 1889 1004 1967 ep.)
1027 1891 1117 1965 sequi
1139 1889 1216 1948 mihi
1238 1889 1374 1967 videtur,
1399 1892 1438 1950 cf.
1465 1890 1484 1969 ξ
1509 1892 1564 1950 111
1590 1907 1637 1966 sq.

494 1989 512 2068 ξ
536 1991 583 2050 60.
629 1990 680 2052 De
694 1989 887 2051 traditione
898 1991 1004 2066 atque
1014 1986 1217 2050 condicione
1228 1986 1495 2066 cpiprommatc's
1506 1987 1573 2048 142
1585 2007 1649 2065 apa

452 2086 653 2150 Aristidem.
688 2089 931 2164 Inquirentibus
960 2088 1069 2164 nebia,
1100 2089 1172 2146 utra
1200 2087 1356 2146 recentior
1381 2087 1649 2164 epigrammatis!

452 2187 554 2247 forma
577 2205 652 2247 vera
671 2188 728 2263 sit,
753 2204 865 2245 norma
884 2185 1085 2260 suppeditata
1103 2187 1168 2260 est,
1192 2202 1256 2259 qua
1275 2185 1376 2260 possit
1394 2185 1579 2260 diiudicari,
1605 2202 1647 2260 qu

452 2285 581 2343 Aristidi
603 2286 642 2345 ad
662 2287 783 2344 textum
801 2284 1067 2359 epigrammatum
1087 2283 1127 2342 ab
1145 2300 1182 2341 eo
1200 2282 1403 2342 laudatorum
1421 2283 1648 2342 constituendu

454 2383 551 2441 tribui
573 2383 672 2442 liceat.
697 2383 778 2441 Nam
801 2399 864 2456 qua
886 2399 925 2440 ex
947 2381 1145 2456 neglegentia
1166 2381 1267 2440 invito
1288 2381 1315 2439 ei
1337 2381 1452 2441 excidit
1473 2381 1506 2439 in
1527 2381 1649 2457 epigri

454 2479 615 2539 laudando
643 2477 730 2539 ἐννέα
752 2497 810 2555 pro
832 2478 943 2554 εἴκοσι,
974 2480 1083 2538 eadem
1104 2497 1186 2539 usus
1207 2497 1277 2538 esse
1299 2479 1440 2554 videtur,
1472 2496 1545 2538 cum
1566 2482 1598 2537 et
1619 2496 1649 2554 ep

454 2577 641 2652 grammatis
671 2577 727 2635 142
758 2580 788 2636 et
819 2577 1058 2653 epigrammatis
1087 2577 1125 2637 97
1153 2578 1323 2653 utriusque
1351 2577 1517 2652 praeberet
1544 2576 1649 2635 forma

454 2691 526 2731 cum
549 2692 567 2733 a
588 2674 757 2734 traditione
778 2676 804 2733 A
824 2677 893 2733 tum
914 2693 932 2734 a
954 2676 1035 2735 trad.
1063 2675 1084 2735 S
1106 2675 1277 2735 diversam.

495 2771 743 2848 Epigrammatis
766 2772 822 2831 142
844 2771 913 2832 tres'
930 2773 1120 2850 praecipuae
1141 2774 1250 2833 extant
1268 2774 1390 2833 formae
1410 2773 1462 2850 (de
1480 2776 1598 2848 quarta
1618 2774 1647 2832 vi

454 2870 538 2928 infra
560 2871 590 2928 et
613 2868 632 2947 ξ
657 2868 738 2947 118).
764 2871 911 2946 Ephorea
935 2871 1034 2948 (apud
1057 2872 1145 2930 Diod.
1165 2872 1219 2931 XI.
1242 2872 1294 2948 62,
1320 2872 1359 2932 ei.
1383 2870 1482 2949 548),
1506 2870 1648 2930 Aristide

455 2970 592 3042 utraque
620 2985 797 3045 anonyma,
829 2973 925 3044 atque
951 2969 1161 3045 Anthologiae
1189 2970 1351 3029 Palatinae
1374 2967 1458 3047 (VII.
1483 2966 1555 3044 296)
1579 2970 1648 3028 forn

455 3065 583 3124 nomine
606 3065 778 3126 Simonidis
800 3069 966 3128 instructa.
992 3068 1157 3143 Ephoreae
1178 3068 1229 3128 hic
1249 3071 1298 3127 est
1318 3069 1439 3126 textus:

614 3163 650 3234 ἔξ
670 3161 708 3225 οὗ
731 3164 759 3242 γ’
778 3163 944 3245 Εὐρώπην
960 3163 1063 3232 Ἄσίας
1085 3163 1155 3244 δίχα
1176 3163 1291 3233 πόντος
1311 3164 1445 3243 ἔνειμε

655 3260 709 3322 καὶ
723 3249 877 3331 πόλεας
898 3263 1059 3343 θνητῶν
1080 3261 1203 3341 θοῦρος
1217 3260 1314 3342 Ἄρης
1335 3261 1485 3342 ἐπέχει,

616 3358 736 3421 οὐδέν
756 3382 809 3421 πω
831 3365 1016 3422 τοιοῦτον
1037 3360 1230 3440 ἐπιχθονίων
1252 3360 1346 3439 γένετ’
1364 3358 1493 3439 ἀνδρῶν

655 3457 749 3537 ἔργον
770 3459 803 3520 ἔν
825 3459 945 3539 ἠπείρῳ
966 3457 1020 3520 καὶ
1041 3457 1120 3520 κατὰ
1142 3457 1258 3520 πόντον
1279 3458 1300 3520 ἅ
1307 3481 1369 3538 μα.

535 3557 549 3600 5
616 3554 682 3618 αἴθε
703 3555 763 3637 γὰρ
784 3557 817 3619 ἔν
838 3557 990 3638 Κύπρῳ
1014 3555 1183 3637 Μήδους
1204 3555 1340 3625 πολλοὺς
1362 3556 1522 3624 ὀλέσαντες

660 3653 819 3717 Φοινίκων
840 3654 952 3717 ἑκατὸν
972 3661 1049 3724 ναῦς
1070 3654 1141 3717 ἔλον
1161 3655 1194 3717 ἔν
1214 3654 1340 3734 πελάγει

617 3752 745 3832 ἀνδρῶν
766 3753 969 3833 πληθούσας·
991 3754 1072 3833 μέγα
1096 3753 1124 3815 θ’
1143 3754 1261 3816 ἔστενεν
1278 3752 1360 3822 Ἀοὶς
1380 3753 1434 3815 ὑπ’
1453 3751 1561 3832 αὐτῷ

657 3850 795 3931 πληγεῖο’
814 3852 1008 3932 ἀμφοτέραις
1029 3851 1115 3932 χερσὶ
1136 3851 1241 3931 κράτει
1262 3850 1414 3931 πολέμου.

497 3949 544 4007 Ab
566 3950 626 4009 hac
647 3951 749 4010 forma
771 3952 954 4027 discrepant
974 3952 1131 4010 Aristidea
1152 3953 1183 4010 et
1206 3951 1387 4011 Simonidea
1412 3948 1504 4026 (ΑΡ.)
1526 3951 1577 4009 his
1594 3952 1648 4011 loci

458 4045 551 4105 Num.
576 4047 629 4106 Vs.
675 4049 756 4123 Eph.
1072 4049 1166 4108 Arist.
1415 4049 1509 4107 Anth.
1535 4049 1602 4107 Pal.

500 4145 526 4203 1.
593 4145 620 4204 1.
665 4143 700 4223 γέ
1070 4167 1102 4206 τε
1447 4145 1482 4224 γέ

497 4241 526 4301 2.
592 4243 619 4302 1.
664 4241 764 4320 ἔνειμε
1072 4243 1174 4322 ἔκρινε
1445 4243 1546 4322 ἔνειμε

461 4409 620 4418 ---

491 4502 526 4566 37)
562 4503 636 4562 Quod
652 4503 705 4553 iam
718 4505 829 4553 sensisse
842 4505 947 4554 videtur
960 4506 1059 4568 Bergk,
1077 4521 1138 4555 cum
1151 4505 1260 4554 verbum
1273 4502 1390 4554 ἔκτειναν
1403 4510 1520 4555 mutaret
1533 4506 1560 4554 in
1573 4502 1647 4553 ἔκλιν

492 4587 526 4652 38)
562 4589 598 4638 Ex
627 4588 746 4652 Ephorea
775 4604 879 4652 pugnae
905 4589 1086 4640 Marathoniae
1113 4591 1287 4653 descriptione
1313 4591 1393 4639 etiam
1420 4589 1544 4640 Suideam
1571 4593 1647 4654 gloss:

459 4671 640 4738 Κυναιγείριος
666 4674 810 4723 derivatam
838 4690 894 4723 esse
920 4673 1033 4724 efficitur
1058 4675 1116 4725 coll.
1143 4676 1236 4724 lustin.
1263 4676 1294 4724 ll.
1320 4675 1344 4724 a.
1370 4675 1403 4724 16
1428 4676 1532 4737 (Busolt
1550 4676 1584 4725 l.l.
1609 4691 1633 4725 n.

460 4759 578 4824 Uterque
602 4759 673 4808 cuim
697 4761 769 4810 locus
792 4775 823 4808 ea
846 4761 872 4809 in
898 4776 925 4810 re
949 4760 1080 4824 discrepat
1103 4760 1136 4809 ab
1160 4760 1219 4809 Her.
1239 4760 1281 4809 Vl.
1305 4759 1367 4824 ill,
1391 4761 1460 4824 quod
1486 4759 1645 4824 Cynegirip

460 4846 579 4895 dextram
601 4845 681 4894 etiam
700 4845 805 4895 sinistra
824 4861 919 4895 manus
937 4845 1011 4894 navis
1029 4845 1145 4908 aplustre
1163 4845 1387 4908 comprehendens
1405 4849 1570 4908 amputatur.
