3516 5712
763 523 819 585 169
1309 525 1328 606 a
1352 527 1400 587 94.

175 730 373 787 quamquam
400 713 526 771 nullum
554 712 713 788 praecedit
740 731 803 788 ep,
834 713 926 772 cuius
952 731 1066 772 versus
1089 715 1228 773 minores
1249 715 1404 774 eiusmodi

176 813 252 869 sunt
286 809 496 886 ‘tetrametri’,
531 813 642 886 quales
673 811 900 871 describuntur
931 813 971 871 ad
1000 812 1090 871 XIII.
1119 812 1156 871 25
1188 811 1405 890 (τετράμετρος

175 906 360 978 πλεονάζων
387 913 446 986 μιᾷ
473 906 613 987 συλλαβῇ
641 911 695 968 τοῦ
724 907 914 986 ἑξαμέτρου,
949 911 988 969 ci.
1017 910 1107 968 XIII.
1135 909 1254 986 25,2,4;
1284 910 1403 985 26,1,3;

176 1005 379 1082 27,1‚8,5,7),
415 1008 521 1065 tamen
549 1008 658 1066 eadem
687 1009 762 1066 nota
790 1008 919 1067 litetrica
947 1041 986 1048 —
1009 1005 1065 1068 ’ἐπὶ
1092 1013 1138 1087 τῷ
1165 1007 1272 1086 αὐτῷ
1299 1029 1404 1086 τετρα-

175 1102 282 1182 μέτρῳ
315 1101 378 1163 xri.
410 1137 450 1146 ·-
482 1105 513 1182 (a
546 1103 584 1181 Ο)
617 1105 756 1180 ascripta
787 1107 852 1180 est,
886 1123 969 1180 quae
1000 1107 1085 1165 extat
1116 1109 1188 1181 post
1221 1106 1405 1167 Callimachi

175 1218 290 1260 nornen
319 1202 410 1260 XIII.
438 1200 477 1260 28
500 1199 566 1279 (Β).
602 1203 671 1262 Hac
693 1220 769 1261 vero
790 1203 998 1279 sagacissIma
1020 1204 1245 1263 observatione
1267 1222 1317 1266 res
1340 1223 1404 1264 non

175 1317 247 1359 curn
280 1301 419 1376 Bergkio
450 1303 546 1375 atque
579 1302 814 1360 Wilamowitzio
845 1302 1002 1378 dirempta
1034 1306 1082 1361 est
1114 1302 1270 1362 habenda.
1309 1303 1405 1362 Tituli

175 1401 280 1457 autern
305 1398 508 1459 Callimachei
529 1402 686 1473 notaeque
707 1400 855 1458 metridae
874 1400 1072 1459 Iterationem
1095 1403 1169 1459 ante
1189 1419 1237 1476 ep.
1257 1402 1347 1460 XIII.
1366 1402 1405 1460 28

176 1515 239 1555 uon
269 1501 352 1556 reete
379 1498 555 1573 explicasse
582 1498 763 1557 Heokerum
791 1498 825 1556 in
841 1499 961 1573 aprico
989 1500 1053 1574 est,
1085 1499 1219 1574 putabat
1247 1500 1331 1558 enim
1353 1517 1401 1575 ep.

176 1595 424 1654 Callimacheum
454 1595 487 1653 in
518 1596 585 1655 cod.
615 1596 680 1654 Pal.
710 1596 839 1670 quidem
866 1596 937 1654 VII.
968 1596 1026 1656 728
1054 1597 1133 1672 legi,
1167 1598 1200 1656 in
1230 1598 1300 1657 aliis
1329 1615 1405 1656 vero

175 1692 385 1769 Anthologiae
405 1694 632 1768 manuscriptis
653 1694 769 1753 lectum
790 1711 861 1762 esse
882 1693 964 1753 inter
986 1712 1057 1770 epp.
1074 1695 1163 1754 XIII.
1179 1695 1218 1754 27
1240 1697 1336 1770 atque
1352 1696 1401 1755 28.

176 1791 256 1850 (lum
286 1809 362 1850 vero
390 1809 439 1866 ep.
470 1808 565 1850 suum
593 1792 709 1851 habeat
736 1792 841 1851 locum
869 1792 940 1851 VII.
971 1792 1029 1852 728
1055 1793 1089 1850 in
1111 1794 1291 1869 fragmento
1312 1795 1404 1852 Mele-

175 1906 272 1964 agreo
295 1889 380 1966 (VII.
410 1888 600 1966 707-749),
631 1892 705 1949 ncta
734 1893 840 1949 autem
868 1891 998 1950 metrica
1028 1908 1092 1950 non
1113 1891 1146 1949 iu
1169 1892 1302 1966 septimo
1323 1891 1404 1949 libro

176 1988 231 2044 sed
265 1988 299 2045 in
335 1988 457 2047 decImo
488 1987 580 2046 tertio
612 1987 790 2063 (variorum
821 1987 1032 2064 metrorum),
1069 2007 1136 2048 rem
1168 1989 1213 2048 sic
1245 2006 1402 2064 propono:

176 2085 383 2144 concinnator
417 2084 489 2143 libri
525 2086 624 2161 XIII,
663 2101 741 2145 cum
775 2103 812 2146 ca
842 2083 1118 2164 Antbolcpt'c
1150 2085 1404 2164 Cephalcna

177 2180 472 2259 cpt'prcmmctcm
486 2181 595 2244 carita
609 2182 729 2244 metris
743 2182 1018 2260 conscriptorum
1033 2183 1156 2245 seriem
1170 2183 1400 2262 conquireret,

143 2271 149 2274 ’
176 2281 279 2354 primo
307 2282 368 2340 hob
395 2299 443 2356 ep.
470 2299 509 2340 ex
534 2282 605 2343 vn.
636 2282 693 2341 728
718 2283 857 2358 rchpere
878 2284 977 2342 voluit
998 2284 1190 2358 titulumque
1209 2283 1273 2342 iarn
1294 2301 1404 2342 exara-

177 2381 266 2437 verat
294 2381 366 2454 post
389 2380 478 2437 XIII.
500 2380 552 2455 27,
585 2380 698 2438 deinde
719 2381 842 2440 consilii
863 2399 936 2440 eum
958 2382 1130 2457 poenituIt‚
1161 2383 1297 2440 fortasse
1318 2382 1404 2456 quod

177 2477 417 2552 epigrammatis
438 2477 523 2535 illius
545 2478 653 2537 versui
674 2479 766 2537 tertio
787 2479 875 2537 deest
896 2479 1014 2555 exitus,
1039 2481 1235 2555 epigramma
1257 2480 1404 2538 suo-loco

179 2575 321 2650 reliquit,
353 2575 481 2634 titulum
504 2593 579 2634 vero
600 2577 773 2650 notamque
793 2577 956 2636 metridam
977 2595 1041 2636 non
1064 2578 1167 2636 solum
1188 2577 1319 2636 eradere
1340 2593 1403 2636 non

179 2690 307 2731 necesse
334 2673 466 2748 habuit,
498 2674 555 2732 sed
576 2676 686 2732 contra
707 2675 792 2733 illam
814 2675 922 2733 itidem
943 2675 1091 2750 ascripsit
1113 2676 1153 2734 ad
1174 2693 1222 2750 ep.
1240 2675 1311 2733 VII.
1334 2675 1401 2734 728.
1523 2749 1526 2754 ,
1642 2661 1646 2668 ¹

177 2771 318 2846 Utraque
340 2774 415 2830 nota
437 2771 469 2829 in
492 2771 560 2831 cod.
583 2772 647 2830 Pal.
669 2773 824 2832 translata
846 2775 895 2832 est
917 2772 1001 2848 (Vll.
1015 2773 1072 2832 728
1084 2791 1101 2832 a
1114 2774 1148 2849 Ο,
1167 2773 1256 2832 XIII.
1268 2773 1307 2832 28
1319 2792 1336 2832 a
1348 2772 1401 2849 B).

177 2868 268 2927 Nunc
288 2869 494 2944 perspicuum
516 2886 587 2928 esse
608 2869 735 2945 opinor,
765 2888 836 2945 cur,
867 2888 939 2929 cum
961 2871 1085 2929 nullum
1106 2871 1178 2929 libri
1201 2871 1280 2929 XIII
1302 2889 1350 2945 ep.
1371 2872 1404 2928 ln

177 2965 266 3026 libris
281 2967 491 3043 Anthologiae
507 2967 670 3026 Palatinae
686 2966 876 3043 Cephalanis
894 2969 1016 3042 redeat,
1041 2986 1143 3026 unum
1152 3013 1159 3042 ‚
1184 2969 1276 3027 cuius
1292 2969 1404 3026 titulus

178 3063 263 3123 solus
295 3066 328 3123 iu
360 3065 413 3124 illo
445 3065 593 3123 servatus
625 3068 689 3140 est,
724 3067 757 3124 in
788 3067 838 3125 hIs
871 3067 1062 3126 inveniatur.
1098 3066 1131 3124 Is
1163 3067 1275 3125 titulus
1307 3067 1404 3142 igItur

177 3162 281 3236 arguit
302 3179 374 3236 epp.
394 3161 467 3220 libri
489 3163 569 3220 XIII
590 3180 629 3221 ex
651 3163 833 3238 Cephalana
855 3165 1045 3240 Anthologia
1067 3180 1137 3223 esse
1158 3165 1319 3224 arcessita.

216 3259 262 3318 Ad
295 3257 443 3319 alteram
474 3261 703 3334 quaestionem.
739 3263 915 3320 PrImum
937 3263 1231 3322 animadvertamus
1253 3263 1293 3322 ad
1315 3263 1404 3321 deca·

178 3357 252 3416 dum
281 3374 461 3434 numeros,
493 3375 574 3434 quos
603 3359 701 3433 priori
729 3359 823 3418 Anth.
853 3361 919 3419 Pal.
944 3361 1017 3418 libri
1038 3361 1098 3419 VII
1120 3361 1204 3435 parti
1226 3359 1343 3436 (usquc
1364 3362 1403 3418 ad

178 3470 224 3528 ep.
249 3453 323 3530 497)
354 3455 509 3530 ascriptos
539 3455 579 3514 ad
610 3457 781 3531 Cephalam
802 3458 909 3532 ipsum
931 3476 1096 3516 recurrere
1117 3458 1256 3516 vidimus
1279 3457 1314 3534 (ἓ
1337 3456 1400 3533 92).

179 3549 297 3618 Quodsi
317 3553 388 3610 iure
405 3553 630 3612 constituimus
648 3539 877 3629 epigrammata
897 3557 1054 3630 quaedam
1073 3574 1111 3614 ex
1130 3556 1264 3629 pristina
1284 3556 1404 3631 Cepha·

178 3650 247 3708 lana
276 3650 351 3709 sede
377 3651 411 3708 in
438 3652 601 3711 metricam
631 3653 774 3728 syllogen
802 3655 958 3713 translata
985 3672 1071 3728 esse,
1104 3653 1174 3711 lieri
1195 3670 1259 3710 non
1281 3657 1400 3728 potest,

179 3748 252 3820 quin
271 3765 516 3822 nonnumquam
534 3749 697 3808 interduo
716 3751 946 3826 epigrammata
962 3753 1110 3825 deinceps
1127 3751 1253 3809 decadiS
1270 3769 1403 3809 numero

177 3843 327 3921 insignita
364 3863 429 3904 non
457 3864 582 3905 novem
621 3864 691 3921 epp.
731 3848 786 3928 sed
822 3852 892 3908 octo
927 3850 1153 3909 intercedentIa
1188 3848 1399 3908 invenIamus.

179 3941 268 4009 Quod
296 3961 407 4002 revera
435 3945 468 4002 in
496 3943 550 4003 lib.
575 3945 636 4003 VII
665 3946 715 4005 hic
742 3945 805 4006 illic
833 3965 896 4006 usu
926 3949 1011 4006 venIt
1039 3965 1100 4022 e.g.
1128 3945 1145 4005 l
1173 3947 1211 4005 29
1239 3979 1279 3988 -
1303 3969 1327 4023 μ
1349 3947 1401 4020 88;

181 4037 244 4115 (olo
271 4042 328 4100 271
359 4073 397 4082 -
428 4039 499 4116 (σ)π
527 4041 587 4100 280
614 4076 651 4082 -
683 4041 752 4119 (σ)(]
779 4045 837 4104 289
866 4044 918 4122 (ci.
943 4045 1149 4105 Stadtmiiller
1170 4063 1200 4119 p.
1223 4042 1329 4119 XIII).
1363 4045 1403 4104 Ut

179 4139 249 4198 talia
276 4139 461 4198 discrImina
490 4140 651 4215 tollerent,
682 4141 804 4200 librarii
832 4144 864 4201 in
893 4143 1011 4203 talibus
1033 4144 1205 4202 decadibus
1227 4144 1276 4203 vel
1297 4144 1404 4218 potius

178 4237 372 4302 enneadibus
402 4254 503 4294 unum
525 4237 722 4312 epigramma
744 4240 776 4296 in
799 4240 863 4298 duo
884 4241 1072 4298 distraxisse
1094 4240 1243 4299 videntur
1266 4239 1328 4316 (ep.
1350 4241 1402 4314 31;

179 4331 248 4406 276;
276 4332 365 4410 287);
396 4351 593 4409 quamqualn
620 4338 757 4395 concedo
780 4355 883 4413 neque
904 4356 1015 4397 omnes
1037 4339 1116 4397 tales
1137 4340 1402 4414 epigrammatum

179 4429 348 4490 divisiones
376 4433 462 4491 hunc
482 4433 515 4491 in
537 4433 668 4491 modum
690 4436 840 4509 explicari
861 4454 955 4511 posse
977 4455 1080 4511 neque
1100 4438 1195 4511 aden,
1226 4438 1349 4496 etiamsi
1370 4439 1403 4496 iu

179 4526 347 4588 decadibus
362 4532 482 4590 mutilis
495 4532 654 4608 legantur,
672 4533 820 4609 indicari,
838 4534 1001 4608 quodnam
1016 4553 1054 4593 ex
1069 4535 1141 4592 libri
1157 4536 1236 4593 XIII
1248 4537 1403 4611 epigram·

180 4627 270 4684 matis
291 4629 522 4703 sepulcralibus
540 4663 580 4672 -
598 4648 680 4704 quae
699 4633 775 4689 sunt
793 4632 879 4690 baud
898 4634 997 4691 multa
1016 4665 1054 4672 -
1072 4632 1227 4690 excidiSse
1245 4633 1400 4691 videatur.

181 4721 283 4781 Unum
302 4727 407 4784 autern
427 4727 632 4802 probabiliter
649 4729 681 4786 iu
702 4729 919 4802 Cephalanum
938 4730 1042 4788 locum
1062 4729 1186 4788 restitui
1204 4747 1298 4804 posse
1314 4732 1400 4804 puto,

182 4817 277 4879 Decas
309 4823 491 4897 Cephalana
523 4825 576 4884 28a
604 4826 821 4900 complectitur
850 4829 975 4886 tantum
1003 4845 1073 4902 epp.
1103 4843 1217 4886 novem
1245 4827 1403 4886 272-280
