3516 5712
449 441 525 514 Cap.
550 439 618 511 ΙΙΙ,
645 438 692 496 14.
1031 433 1089 493 120

449 629 569 685 matum
591 625 676 699 apud
699 624 871 698 Diogenem
889 623 1056 681 obviorum
1077 622 1231 680 rationem
1250 621 1309 678 rite
1325 620 1568 696 intellegendam
1586 620 1653 677 haur

448 740 564 800 parum
585 722 659 781 usui
681 722 738 781 est.

489 822 745 897 Epigrammata,
770 836 852 894 quae
873 819 1030 895 Diogenes
1047 817 1172 892 laudat,
1197 833 1235 875 ex
1254 817 1358 876 tribus
1377 816 1520 875 fontibus
1538 816 1653 874 diversi

449 921 565 979 hausta
587 920 677 978 sunt:

386 1031 389 1039 ·
491 1018 517 1077 1.
561 1034 600 1074 ex
622 1017 803 1074 Pammetro
825 1015 1044 1090 Diogeniano;

438 1153 447 1166 .
489 1116 517 1174 2.
562 1132 601 1173 ex
624 1115 747 1174 Corona
770 1113 960 1190 Meleagrea3
1489 1155 1492 1160 .

407 1209 411 1215 ’
489 1214 517 1272 3.
561 1209 832 1285 exscriptoribus
856 1210 914 1287 (sie
935 1214 1000 1285 cg.¹
1023 1210 1059 1267 D.
1083 1210 1116 1267 L.
1142 1210 1167 1267 Ι.
1194 1208 1252 1268 120
1272 1226 1321 1283 ep.
1346 1209 1438 1282 Preg.
1463 1206 1653 1266 2511an

566 1310 713 1385 recydem
735 1325 773 1366 ex
796 1307 915 1366 Duride
939 1305 1013 1384 [ΑΡ.
1038 1306 1109 1365 VII.
1135 1303 1214 1383 93]).

490 1408 571 1466 Fieri
596 1407 694 1483 igitur
716 1406 835 1480 potest,
867 1407 902 1464 ut
925 1405 1056 1480 Diogeni
1077 1404 1274 1481 epigramma
1296 1403 1424 1477 aliquod
1446 1403 1529 1461 etin
1552 1402 1654 1462 Coron

449 1508 479 1564 et
508 1505 592 1580 apud
622 1504 808 1578 scriptorem
836 1503 972 1577 aliquem
1002 1505 1129 1577 praesto
1157 1502 1262 1560 inerit.
1298 1501 1398 1560 Cuius
1428 1500 1472 1558 rei
1497 1500 1653 1575 exemplur

450 1603 582 1662 habebis
603 1602 636 1661 in
660 1600 851 1660 Simonideis
877 1598 912 1677 (ξ
937 1599 999 1676 75).

490 1699 740 1775 Epigrammatis
779 1700 885 1757 antem
922 1698 955 1756 in
995 1697 1073 1756 Vitis
1094 1696 1133 1773 74)
1172 1697 1275 1755 obviis
1314 1696 1446 1771 accidit,
1488 1698 1523 1754 ut
1561 1713 1653 1753 rursu

451 1797 622 1857 maximam
644 1799 766 1872 partem
789 1814 806 1855 a
829 1796 968 1870 Cephala
990 1796 1022 1853 in
1045 1795 1267 1870 Anthologiam
1289 1794 1553 1855 transferrentur.
1587 1794 1653 1853 Con

450 1897 543 1972 plura
576 1895 673 1971 igitur
705 1895 934 1970 epigrammata
966 1893 1016 1952 bis
1047 1895 1176 1968 praesto
1207 1895 1298 1951 erant
1331 1893 1503 1969 Cephalae:
1535 1895 1565 1950 et
1592 1909 1653 1966 apu

451 1995 623 2068 Diogenem
652 1995 682 2052 et
710 1993 743 2051 in
770 1993 857 2050 fonte
879 2009 938 2050 suo
959 1993 1112 2067 primario
1134 1992 1258 2050 Corona
1281 1991 1457 2066 Meleagron
1472 1988 1523 2065 75).
1561 1987 1653 2048 Sedul

451 2095 557 2151 autem
585 2091 668 2150 cavit
689 2089 746 2166 76),
779 2108 819 2149 ne
846 2090 929 2148 idem
957 2089 1153 2164 epigramma
1181 2106 1219 2146 ex
1248 2091 1385 2162 utrpque
1405 2087 1493 2146 fonte
1514 2086 1653 2161 recipere

452 2189 588 2249 Unicum
609 2207 670 2264 ep.,
696 2189 783 2262 quod
804 2188 854 2246 bis
875 2188 991 2263 legitur
1016 2185 1091 2263 (ΑΡ.
1103 2186 1172 2244 v11.
1191 2186 1230 2245 86
1251 2212 1291 2234 =
1312 2186 1367 2244 IX.
1385 2182 1484 2260 595*),
1508 2184 1653 2258 utrobiqt

361 2332 364 2338 .
451 2307 489 2346 ex
512 2289 652 2362 Diogene
674 2288 835 2360 receptum
857 2288 905 2344 est
919 2282 970 2359 77).
996 2284 1273 2360 Epigrammatum
1295 2286 1418 2358 autem,
1443 2300 1525 2357 quae
1548 2282 1653 2356 Dioge]

451 2402 523 2444 cum
547 2384 684 2459 Cephala
707 2383 887 2442 communia
909 2384 1002 2457 sunt,
1027 2398 1091 2440 non
1113 2398 1238 2455 semper
1260 2381 1369 2439 eadem
1391 2383 1440 2439 est
1458 2380 1551 2452 ratio;
1575 2397 1653 2437 nun<

452 2482 537 2557 quod
559 2482 747 2556 plerumque
769 2497 832 2539 usu
855 2480 956 2554 venit,
981 2497 1029 2554 ep.
1054 2496 1092 2537 ex
1113 2479 1192 2537 Vitis
1215 2482 1376 2555 receptum
1398 2495 1469 2538 esse
1486 2479 1576 2538 docet
1591 2478 1653 2536 loct

452 2627 611 2635 -—---

483 2711 519 2773 74)
554 2714 659 2761 Errasse
678 2728 701 2774 p.
715 2711 747 2760 37
764 2712 1003 2775 Weissh'auplium,
1021 2727 1081 2762 cum
1101 2717 1206 2774 putaret
1223 2711 1367 2773 Cephalam
1387 2713 1414 2761 in
1433 2713 1523 2762 ordine
1542 2713 1653 2762 Laertia

452 2797 587 2860 principali
612 2797 661 2845 AP.
681 2796 734 2845 Vll.
759 2794 875 2844 83-130
898 2796 1078 2859 componendo
1102 2796 1168 2845 Vitis
1191 2811 1244 2844 non
1268 2811 1347 2845 usum
1371 2811 1442 2860 esse,
1468 2797 1558 2859 hodie,
1582 2798 1653 2859 opint

426 2912 434 2926 .
452 2885 562 2930 constat.
582 2881 655 2939 Quod
674 2883 744 2930 enirn
762 2882 788 2930 in
809 2881 856 2930 hac
874 2881 941 2930 serie
958 2881 997 2942 (in
1015 2880 1081 2929 libro
1099 2895 1155 2943 epp.
1173 2879 1314 2944 sepulcr),
1332 2881 1360 2930 in
1376 2897 1430 2945 qua
1445 2896 1501 2945 epp.
1517 2896 1574 2930 sese
1590 2882 1653 2930 eode

453 2966 507 3014 lere
530 2965 620 3014 ordine
638 2965 786 3029 excipiunt,
810 2966 908 3029 quoin
927 2965 992 3014 Vitis
1010 2965 1149 3028 leguntur,
1174 2966 1254 3014 etiam
1274 2965 1399 3014 donativa
1415 2971 1497 3030 atque
1515 2966 1653 3015 demonstr

451 3051 506 3098 tiva
523 3064 580 3112 epp.
598 3051 730 3113 quaedam
748 3051 936 3110 inveniuntur,
954 3050 991 3098 sic
1009 3051 1165 3112 explicatur,
1183 3051 1252 3113 quod
1272 3049 1401 3113 Cephalas
1418 3051 1472 3100 sire
1490 3067 1542 3100 non
1561 3052 1652 3099 anima

454 3135 532 3183 vertit
556 3149 583 3182 se
607 3134 649 3182 hic
673 3134 725 3183 illic
749 3150 788 3196 ep.
810 3133 1033 3197 asepulcralibus
1050 3134 1168 3183 alienum
1188 3135 1302 3197 recipere
1320 3135 1374 3184 sive
1392 3151 1448 3199 epp.
1466 3141 1523 3184 arte
1541 3136 1653 3185 coniunc

452 3217 496 3280 (cf.
515 3215 528 3279 ἓ
546 3217 578 3265 71
596 3233 621 3266 n.
631 3215 675 3278 83)
694 3218 844 3281 disiungere
862 3218 954 3267 noluit.
974 3218 1047 3276 Quae
1063 3224 1199 3280 praeterea
1214 3218 1241 3267 in
1258 3219 1338 3268 huius
1354 3219 1430 3268 seriei
1445 3219 1539 3269 vicinia
1555 3222 1651 3283 legunt

452 3319 509 3366 epp.
534 3302 680 3351 Laertianis
704 3303 862 3365 quibusdam
885 3303 1032 3352 consimilia
1049 3301 1109 3367 (eg.
1128 3319 1184 3366 epp.
1203 3302 1250 3366 81,
1267 3302 1313 3367 82,
1332 3301 1394 3367 130,
1412 3301 1475 3366 131,
1492 3301 1568 3366 134),
1592 3319 1623 3352 ea
1642 3320 1653 3352 r

453 3389 538 3437 iudice
556 3401 587 3436 ex
606 3385 708 3435 Corona
725 3387 873 3449 Meleagrea
892 3392 1080 3451 manaverunt,
1098 3403 1129 3437 ex
1147 3403 1201 3451 qua
1218 3388 1298 3436 etiam
1318 3388 1457 3438 Laertiana
1474 3387 1520 3437 illa
1537 3386 1650 3452 (quaten

453 3487 505 3521 non
530 3471 611 3534 ipsius
629 3472 752 3535 Diogenis
769 3469 844 3533 sunt)
862 3473 889 3521 in
907 3472 1050 3536 Diogenem
1070 3474 1218 3536 pervenisse
1238 3477 1313 3536 puto;
1338 3474 1422 3522 maior
1439 3474 1509 3522 enim
1529 3474 1653 3523 huiusmc

453 3557 675 3620 epigrammatum
703 3557 730 3604 in
756 3555 858 3605 Corona
883 3557 1002 3606 extitisse
1028 3557 1133 3607 videtur
1156 3557 1226 3607 ordo.
1249 3583 1281 3590 —
1309 3557 1393 3616 Quam
1413 3563 1535 3608 accurate
1554 3557 1653 3622 Cephal

452 3641 591 3691 observare
604 3641 739 3690 studuerit
754 3641 872 3690 ordinem
889 3643 1111 3704 epigrammatum
1127 3642 1154 3691 in
1168 3642 1234 3691 Vitis
1248 3642 1370 3703 obvium,
1385 3647 1495 3706 apparet
1506 3657 1537 3692 ex
1550 3645 1653 3706 epigrar

453 3731 555 3776 matum
580 3727 780 3774 Laertianorum
805 3725 1072 3790 Cephalanorumque
1092 3727 1286 3789 comparatione
1304 3741 1320 3775 a
1338 3726 1532 3789 Weissh'auplio
1551 3743 1576 3790 p.
1594 3725 1628 3775 35
1646 3743 1653 3776 ε

452 3817 480 3861 et
502 3826 518 3860 a
542 3810 732 3860 Stadtmiillero
756 3810 812 3871 (lib.
837 3809 887 3858 ΑΡ.
909 3811 951 3858 Vll
975 3809 1093 3872 tantum)
1117 3811 1139 3859 ll
1164 3827 1187 3874 p.
1207 3811 1250 3860 LX
1272 3826 1330 3874 sqq.
1348 3812 1479 3861 instituta.
1507 3812 1635 3861 Attamen

452 3897 548 3944 horum
576 3895 692 3944 virorum
717 3895 740 3944 d.
765 3895 862 3944 tabulis
887 3895 969 3944 videri
993 3895 1099 3958 nequit,
1127 3910 1259 3958 quaenam
1283 3911 1339 3959 epp.
1365 3896 1505 3945 Laertiana
1527 3911 1543 3945 a
1568 3895 1653 3960 Cepha

453 3979 609 4029 transmissa
626 3980 687 4028 sint.

485 4061 521 4125 75)
556 4064 612 4125 Εἰς,
636 4063 682 4126 qui
706 4079 748 4112 me
772 4064 799 4112 in
821 4079 851 4113 eo
870 4077 957 4113 errare
975 4068 1084 4127 putent,
1107 4065 1177 4128 quod
1197 4063 1339 4127 Cephalam
1359 4064 1534 4128 Meleagream
1553 4064 1653 4114 Corona

452 4149 583 4211 integram
607 4163 749 4210 usurpasse
773 4163 879 4207 censeo,
904 4164 945 4198 res
968 4149 1049 4198 etiam
1074 4149 1214 4199 notabilior
1237 4151 1358 4199 videatur
1378 4164 1484 4199 neeesse
1502 4154 1551 4199 est.
1578 4151 1653 4200 Eteni

452 4236 520 4303 tum.
539 4231 595 4280 fieri
623 4247 696 4294 posse
722 4234 918 4282 concedendum
946 4239 1000 4298 est,
1026 4239 1056 4283 ut
1082 4236 1274 4298 epigrammata
1299 4235 1402 4298 aliquot
1425 4240 1502 4284 antea
1527 4249 1558 4284 ex
1583 4234 1653 4284 Coro

453 4316 601 4380 Meleagrea
624 4318 794 4379 evanuerint,
818 4324 907 4380 postea
930 4319 956 4367 in
980 4319 1037 4368 eius
1058 4325 1211 4382 excerptum
1230 4319 1356 4369 redierint
1374 4335 1420 4382 per
1438 4320 1584 4383 Diogenem
1602 4326 1649 4383 atq

453 4401 604 4464 Cephalam.

486 4483 521 4546 76)
556 4486 724 4549 Quamquam
751 4488 904 4551 ceteroquin
932 4490 959 4538 in
986 4489 1208 4552 epigrammatum
1234 4488 1373 4538 iteratione
1401 4489 1525 4538 evitanda
1550 4504 1605 4538 non
1630 4494 1653 4538 ta

453 4569 607 4633 diligentem
624 4585 651 4620 se
670 4572 815 4635 praestitit,
834 4573 866 4621 cl.
885 4571 896 4634 ἓ
915 4572 955 4622 89.

486 4651 520 4714 77)
556 4654 674 4718 Utroque
698 4656 753 4705 loeo
777 4657 909 4719 praecedit
932 4658 1117 4721 epigrammati
1140 4659 1167 4707 in
1192 4656 1330 4707 Chilonem
1354 4655 1420 4719 (Vll.
1444 4656 1477 4708 88
1500 4663 1529 4707 et
1547 4659 1591 4708 lx.
1611 4657 1653 4708 591

452 4738 528 4788 cuius
547 4739 599 4788 vita
616 4739 720 4788 Solonis
737 4740 818 4789 vitam
837 4743 1016 4805 consequitur.
