3516 5712
379 524 455 600 cap.
470 523 548 600 -m,
573 521 601 584 9.
971 521 1010 583 aa

420 711 533 786 Itaque
553 712 674 787 locum,
699 711 755 786 qui
776 712 823 770 est
844 711 884 769 de
910 711 1163 786 epigrammatiS,
1189 711 1297 771 rhetor
1319 730 1383 772 non
1399 713 1549 790 adduxit,
1573 717 1609 773 ut

382 809 554 869 Simonidis
576 791 793 885 arrogantiam
814 809 1063 884 demonstraret,
1090 809 1145 867 sed
1167 812 1202 868 ut
1224 827 1262 868 ex
1285 811 1407 870 ratione
1428 813 1554 871 dicendi
1574 813 1607 871 in

378 908 637 985 epigrammatica
665 907 753 982 poesi
780 907 873 966 obvia
895 909 1043 982 argueret
1064 903 1099 966 τὸ
1121 905 1172 984 ἐφ’
1196 905 1284 985 αὑτῷ
1305 911 1434 986 φρονεῖν
1454 910 1549 968 115515
1569 910 1607 968 115

379 1007 434 1081 qui
453 1024 545 1066 suam
567 1006 731 1066 victoriam
753 1007 808 1064 aut
829 1005 890 1080 ipsi
908 1004 1102 1063 celebrarent
1117 1008 1173 1063 aut
1187 1005 1257 1063 aliis
1272 1006 1494 1066 celebrandam
1516 1025 1607 1067 cura·

380 1107 465 1180 rent,
499 1105 627 1165 licuisse
661 1102 815 1162 Simonidi
847 1105 943 1177 atque
973 1102 1126 1178 Pindaro,
1162 1103 1217 1177 qui
1252 1103 1283 1162 in
1317 1122 1351 1163 se
1381 1105 1441 1180 ipsi
1472 1106 1607 1180 epinicia

379 1203 609 1278 condidissent,
632 1201 761 1262 licuisse
782 1200 920 1274 denique
941 1200 1069 1259 sibimet
1090 1200 1160 1275 ipsi.

420 1302 500 1376 Epp.
532 1300 587 1375 90,
620 1299 676 1358 104
707 1297 771 1375 (hic
799 1298 891 1357 unice
918 1295 1079 1373 obvium),
1106 1297 1177 1373 132,
1207 1315 1289 1373 quae
1311 1299 1370 1358 hoc
1391 1302 1516 1358 tantum
1535 1300 1608 1359 freti

379 1399 447 1458 loco
475 1398 535 1456 viri
563 1397 646 1455 docti
673 1397 756 1455 iuter
786 1395 967 1455 Simonidea
991 1395 1198 1470 rettulerunt,
1230 1413 1391 1472 nusquam
1412 1397 1511 1473 igitur
1533 1416 1606 1457 cum

382 1495 554 1555 Simonidis
575 1495 703 1553 nomine
724 1494 892 1553 coniuncta
913 1492 1133 1551 inveniuntur.
1159 1494 1204 1552 Ad
1226 1494 1333 1553 omnia
1352 1496 1457 1570 Bergk
1473 1499 1606 1555 annotat

381 1594 597 1654 Simonideam
618 1593 839 1652 auctoritatem
859 1591 1030 1650 Aristidem
1051 1591 1172 1650 testari.
1247 1662 1251 1669 Ι

421 1691 440 1769 ἕ
463 1692 511 1752 56.
561 1689 657 1764 Quae
677 1688 935 1767 epiprammoto
957 1688 1055 1765 opud
1073 1687 1264 1749 Aristidem
1284 1693 1388 1768 atque
1406 1689 1444 1750 ia
1459 1689 1608 1752 Scholiis

379 1788 568 1850 Aristideia
588 1788 822 1850 inveniantur.
867 1790 998 1848 Praeter
1019 1805 1089 1862 epp.
1115 1788 1209 1846 obvia
1230 1788 1262 1846 in
1284 1788 1352 1847 loco
1372 1789 1412 1847 de
1433 1790 1603 1865 paraphth.

379 1889 435 1948 511
454 1890 489 1947 D.
508 1914 547 1937 =
563 1888 617 1947 161
636 1889 672 1946 K.
691 1888 856 1962 superiore
872 1884 891 1963 ξ
907 1887 1041 1944 11551515
1058 1883 1116 1961 (55.
1134 1903 1183 1960 ep.
1204 1885 1489 1946 14651111511115
1506 1887 1607 1946 Simo·

379 1988 479 2062 nidis,
510 2004 580 2062 epp.
605 1986 660 2060 90,
693 1985 766 2058 104,
801 1984 873 2058 142,
907 1983 981 2057 132,
1013 1982 1068 2058 91,
1097 1983 1136 2043 07
1163 1983 1232 2042 5115
1253 1986 1363 2058 poetae
1384 1983 1603 2061 auctoritate),

379 2087 465 2161 apud
491 2081 684 2144 Aristidem
704 2082 878 2141 laudantur
899 2099 970 2156 epp.
994 2081 1176 2140 Simoniden
1197 2082 1289 2141 haec:
1312 2099 1355 2142 sc.
1381 2083 1413 2141 in
1435 2101 1481 2143 or.
1502 2085 1542 2142 de
1564 2085 1607 2142 IV

379 2185 438 2242 vir.
453 2202 483 2259 p.
498 2183 557 2242 209
570 2183 606 2240 D.
620 2199 668 2258 ep.
686 2181 756 2254 142,
775 2180 969 2254 quodetiam
984 2179 1100 2254 legitur
1111 2179 1144 2238 in
1159 2197 1205 2238 or.
1227 2181 1266 2239 de
1276 2181 1459 2256 paraphth.,
1477 2184 1608 2240 auctore

379 2300 443 2342 non
472 2281 610 2340 indicato
639 2296 681 2338 sc.
714 2299 770 2343 τις
795 2275 916 2355 ὕμνησε
942 2275 985 2351 (p.
1016 2277 1074 2336 210
1107 2279 1240 2337 iteratur
1269 2279 1425 2338 distichon
1454 2278 1604 2356 alterum)

378 2383 459 2454 etp.
484 2378 542 2437 234
565 2378 601 2435 Ι).
626 2375 864 2451 epigrammatis
887 2374 944 2433 138
965 2374 1144 2450 fragmenta
1166 2376 1230 2434 duo
1252 2394 1422 2452 anonyma.

418 2477 458 2534 In
486 2471 634 2535 Scholiis
661 2470 849 2532 Aristideia
877 2469 931 2547 (ad
952 2473 1113 2532 orationes
1134 2473 1174 2531 de
1195 2473 1238 2532 IV
1260 2474 1338 2533 viris
1359 2477 1389 2533 et
1410 2472 1604 2548 Panathen.)

378 2574 588 2634 inveniuntur
609 2590 679 2647 epp.
698 2571 775 2630 haec
796 2587 868 2646 sex,
893 2588 932 2629 ex
947 2570 1065 2644 quibus
1080 2572 1141 2630 tria
1158 2571 1220 2647 (90,
1239 2571 1287 2646 97,
1307 2569 1377 2646 142)
1396 2572 1504 2630 itidem
1519 2573 1606 2647 apud

378 2672 547 2731 Aristidem
569 2672 735 2746 leguntur:
1588 2671 1590 2676 '

379 2771 438 2845 Ep.
473 2769 511 2828 90
528 2766 567 2844 (5.
584 2766 684 2844 nom.)
702 2785 752 2842 ap.
768 2768 936 2826 Frommel.
950 2785 981 2842 p.
992 2766 1051 2826 289
1280 2785 1329 2843 ap.
1346 2767 1489 2826 Dindorf.
1505 2767 1603 2826 deest.

379 2869 437 2943 Ep.
473 2867 510 2926 97
596 2890 609 2917 >>
716 2889 728 2916 >>
845 2889 858 2916 »
951 2883 982 2940 p.
1014 2865 1052 2924 52
1298 2889 1310 2916 »
1411 2889 1423 2916 >>
1487 2883 1518 2940 p.
1535 2865 1602 2924 136.

379 2968 437 3041 Ep.
454 2965 511 3025 100
527 2962 680 3041 (Simon.)
716 2988 729 3015 ›>
845 2987 858 3014 »
952 2981 983 3039 p.
1015 2963 1053 3023 58
1067 2961 1152 3040 (357)
1299 2987 1311 3014 »
1412 2987 1424 3014 >›
1488 2981 1519 3038 p.
1535 2964 1602 3022 154.

379 3066 437 3140 Ep.
454 3064 509 3123 101
596 3087 608 3114 >>
715 3087 728 3114 >>
845 3086 858 3112 »
951 3079 982 3137 p.
1013 3059 1310 3138 52(s.nom.),58s9»
1411 3085 1424 3112 >›
1488 3078 1518 3136 p.
1535 3060 1603 3120 136.

1534 3158 1603 3219 154.

379 3261 437 3335 Ep.
454 3259 510 3318 129
595 3282 608 3309 »
715 3282 728 3308 »
844 3281 857 3308 »
952 3258 1051 3333 p.201
1297 3280 1310 3308 ν
1411 3281 1423 3307 >>
1487 3274 1518 3331 p.
1533 3257 1602 3317 533.

379 3357 510 3432 1111142
595 3380 608 3407 »
715 3379 728 3406 »
846 3379 858 3406 >>
950 3372 982 3429 p.
1015 3354 1052 3412 70
1297 3377 1310 3404 >>
1411 3377 1424 3404 >>
1486 3371 1518 3428 p.
1532 3353 1602 3413 209.

419 3456 499 3515 Cum
522 3455 607 3530 apud
628 3453 797 3512 Aristidem
818 3453 925 3527 ipsum
943 3453 1069 3511 tantum
1086 3451 1259 3510 Simonidis
1274 3451 1402 3510 nomine
1415 3452 1605 3529 insignitum

379 3555 420 3612 sit
439 3571 487 3628 cp.
508 3553 581 3628 146,
603 3551 709 3611 omnia
727 3552 760 3610 in
779 3551 914 3610 Scholiis
933 3553 1010 3608 sunt
1027 3550 1209 3610 Simonides
1227 3552 1352 3626 praeter
1367 3567 1438 3625 epp.
1453 3549 1491 3609 90
1506 3553 1537 3608 51
1552 3550 1602 3609 97.

378 3653 438 3727 Ep.
464 3651 520 3710 142
548 3651 646 3727 igitur
674 3636 872 3724 anonymum
900 3651 948 3706 est
975 3649 1120 3723 Aristidi,
1153 3647 1370 3707 Simonideum
1395 3648 1602 3707 Scholiastae.

379 3750 459 3810 Cum
481 3767 529 3825 ep.
550 3749 589 3808 90
610 3752 679 3807 tum
700 3765 749 3822 ep.
771 3747 809 3806 97
831 3747 917 3821 apud
938 3748 1075 3806 alterum
1095 3747 1128 3805 in
1151 3748 1250 3806 altero
1271 3749 1360 3805 textu
1381 3746 1511 3823 legitur3
1541 3747 1606 3821 epi·

378 3848 565 3924 grammatis
585 3847 641 3905 142
661 3848 767 3905 511511
785 3847 907 3903 textum
922 3845 955 3902 in
970 3847 1059 3904 tanta
1074 3845 1161 3918 apud
1177 3844 1317 3919 reliquos
1329 3846 1425 3903 testes
1433 3844 1606 3903 lectionum

378 3946 530 4005 varietate
553 3945 701 4004 Scholion
723 3945 819 4017 atque
839 3943 993 4001 Aristides
1015 3942 1151 4001 eundem
1166 3943 1294 4002 habent.
1320 3943 1378 4017 Ep.
1393 3942 1431 4002 90
1446 3943 1532 4016 apud
1547 3944 1602 4000 Ar.

378 4045 410 4102 in
433 4061 529 4102 versu
551 4044 649 4101 altero
663 4041 758 4101 habet
776 4038 878 4115 ἐννέα,
904 4040 989 4115 apud
1010 4038 1220 4099 Scholiastam
1239 4038 1349 4115 εἴκοσι,
1374 4057 1512 4114 quocum
1530 4041 1606 4099 facit

380 4141 497 4201 Suidas
526 4159 556 4200 v.
586 4136 736 4217 Ποικίλη;
767 4139 936 4214 Lycurgus
965 4155 1041 4198 vero
1070 4138 1177 4197 Leocr.
1204 4138 1260 4197 109
1285 4136 1319 4215 (ᾖ
1342 4138 1380 4196 44
1402 4135 1505 4213 5159)
1528 4155 1605 4212 pen-

377 4242 548 4298 tametrum
570 4255 704 4313 prorsus
726 4237 816 4296 aliter
837 4237 976 4312 praebet.
1002 4236 1060 4311 Ep.
1086 4235 1124 4294 97
1149 4236 1182 4294 11
1210 4235 1314 4295 Schol.
1338 4253 1377 4294 ex
1394 4251 1460 4294 uno
1477 4238 1605 4294 tantum

378 4341 503 4398 constat
523 4337 674 4411 disticho,
700 4336 788 4394 utin
810 4336 979 4394 traditione
999 4335 1025 4392 A
1048 4332 1101 4410 (ex
1123 4335 1252 4409 Ephoro
1268 4335 1350 4392 Plut.
1372 4335 1402 4392 d.
1425 4335 1464 4391 H.
1481 4352 1522 4392 m.
1545 4333 1602 4410 39,

377 4437 417 4496 cf.
444 4434 463 4513 S
486 4433 538 4511 29)
568 4437 664 4509 atquc
691 4434 725 4492 in
752 4433 834 4492 trad.
861 4433 883 4492 S
914 4431 990 4509 (ΑΡ.
1015 4433 1086 4491 VII.
1111 4431 1169 4491 250
1199 4431 1238 4491 51.
1265 4430 1309 4508 ἕξ
1336 4431 1391 4507 34,
1416 4429 1486 4506 38),
1517 4434 1606 4506 apud

377 4534 546 4594 Aristidem
568 4533 695 4592 duobus
716 4532 859 4591 distichis
881 4534 929 4592 est
949 4531 1087 4607 longius.

417 4633 552 4691 Textum
574 4649 622 4706 ep.
642 4630 698 4690 129
715 4630 891 4689 Scholiasta
912 4645 1104 4706 magnopere
1123 4629 1320 4687 recedentem
1335 4629 1465 4702 praebet
1481 4645 1499 4686 a
1514 4629 1606 4687 textu

377 4732 439 4790 ΑΡ.
464 4731 535 4789 VII.
561 4729 597 4788 77
605 4747 612 4802 ;
640 4729 788 4787 convenit
813 4746 884 4787 cum
910 4727 1036 4787 Scholio
1058 4744 1135 4785 sane
1156 4727 1283 4785 Tzetzes
1306 4725 1385 4786 Chii.
1407 4727 1434 4784 l.
1455 4726 1503 4785 24.
1526 4725 1604 4803 632,

378 4830 410 4890 51
431 4829 482 4889 1115
505 4828 631 4887 Scholio
652 4827 722 4903 ipso
744 4844 824 4885 usus
845 4829 894 4885 est
917 4824 970 4902 (cf.
998 4824 1017 4904 ἓ
1042 4823 1124 4904 115).
