3546 5724
823 437 842 496 s
1312 435 1331 514 s
1355 435 1443 496 c-s.

260 625 369 700 Neque
396 623 493 700 igitur
521 623 690 698 miramur,
722 623 808 698 quod
837 624 1013 698 Hauvette,
1045 640 1118 682 cum
1145 622 1178 680 in
1201 622 1387 698 quaestione
1408 623 1447 682 de

221 723 484 798 epigrammatum
507 721 693 781 auctoritate
712 721 885 797 Bergkium
907 738 1042 795 prorsus
1061 720 1215 796 sequitur,
1241 721 1286 780 sic
1304 721 1445 796 scripsit:

225 820 343 896 ‘appele
364 823 382 879 a
405 820 543 879 celebrer
564 819 797 879 officiellement
819 820 864 877 les
887 820 980 878 heros
1002 819 1058 877 des
1081 820 1327 895 Thermopyles,
1358 817 1446 878 l’ami

221 919 259 977 de
290 919 371 994 Meg.
408 918 518 976 voulut
550 917 730 993 distinguer
761 919 851 976 entre
881 919 986 976 toules
1017 914 1106 976 l'une
1138 917 1194 976 des
1227 917 1370 976 victimas
1401 917 1446 976 les

221 1017 292 1091 plus
321 1017 431 1075 nobles
452 1015 541 1074 dela
562 1014 704 1090 bataille,
736 1018 766 1073 et
788 1011 816 1073 it
836 1012 949 1074 obtint
971 1013 1001 1074 te
1022 1011 1118 1074 droit
1140 1013 1182 1074 de
1203 1013 1255 1074 [ιιι
1276 1013 1381 1074 elever
1402 1033 1446 1074 un

221 1117 406 1173 monument
433 1118 451 1173 ir
480 1117 568 1189 part,
585 1111 679 1188 'qu’il
707 1113 837 1188 decors,
869 1130 991 1172 comme
1018 1112 1039 1170 il
1068 1113 1153 1172 avait
1174 1114 1231 1172 fait
1251 1114 1297 1172 les
1318 1118 1443 1189 autres,

220 1212 318 1272 d’une
338 1213 378 1272 de
398 1231 449 1273 ces
471 1213 682 1288 epigrammcs
703 1213 744 1270 ob
767 1212 789 1269 il
809 1211 884 1270 etait
905 1214 1000 1285 passe
1021 1208 1159 1270 maitre'.

261 1312 304 1369 De
332 1311 419 1370 fonte
447 1309 598 1391 Herodoti
628 1309 706 1368 nihil
734 1309 810 1367 certi
839 1310 974 1384 profert:
1007 1308 1100 1368 ‘nous
1128 1327 1275 1384 pouvons
1304 1313 1448 1370 affirmer

220 1427 281 1483 que
308 1407 487 1467 l’historien
514 1407 654 1483 depend,
687 1405 908 1467 directernent
929 1424 975 1466 cn
996 1405 1272 1484 indirecternent,
1304 1410 1360 1469 des
1382 1428 1446 1469 mo·

220 1511 370 1565 numents
400 1505 570 1581 originaux
602 1507 815 1578 eux-memes,
850 1507 880 1563 et
910 1522 973 1563 non
1002 1503 1083 1564 d’un
1112 1507 1226 1565 recueil
1254 1505 1446 1584 d’epigram·

220 1603 314 1677 mes’;
342 1605 437 1679 paulo
458 1605 563 1664 autem
586 1606 672 1678 post:
699 1602 743 1662 ‘ce
765 1603 1020 1678 renseignement
1043 1648 1120 1662 ....
1145 1605 1166 1661 il
1188 1603 1230 1664 l'a
1253 1607 1344 1681 puise
1365 1607 1446 1666 dans

221 1720 282 1761 une
299 1702 450 1762 tradition
468 1703 524 1776 qui
542 1719 576 1760 se
595 1701 763 1760 rattaohait
782 1719 847 1760 aux
864 1689 1069 1760 monuments
1087 1703 1306 1762 eux-memes’.
1331 1705 1446 1764 Nostra

220 1803 325 1859 autem
347 1800 484 1860 maxime
504 1801 636 1858 interest
657 1799 740 1858 hanc
761 1799 864 1873 ipsam
885 1799 1087 1858 traditionem
1110 1802 1291 1860 accuratius
1307 1799 1443 1861 definiri.

261 1897 280 1974 ᾖ
303 1899 331 1956 8.
381 1897 477 1972 Quae
504 1896 723 1974 quaestiones
751 1895 1021 1974 distinguendae
1048 1895 1129 1957 sint.
1175 1898 1247 1957 Loci
1275 1899 1446 1958 Herodotei

220 1997 459 2072 explicationeS,
484 2013 565 2071 quas
588 1995 749 2070 recensui,
774 1995 853 2054 tales
875 2011 946 2053 esse
967 1996 1059 2070 nobis
1082 1996 1169 2055 visae
1191 1999 1282 2072 sunt,
1308 1998 1446 2056 utnulla

219 2095 343 2170 integra
375 2095 474 2170 accipi
501 2094 611 2168 possit.
646 2093 850 2168 Quamquam
871 2112 910 2152 ex
932 2111 1005 2153 asse
1025 2094 1162 2154 concedo
1184 2095 1352 2169 plerasque
1373 2113 1445 2154 con·
1471 2083 1477 2092 ’

220 2193 319 2251 tinere
339 2191 578 2252 observationes
600 2192 693 2250 utiles
715 2194 811 2266 atque
831 2192 1004 2267 pretiosae,
1033 2210 1131 2267 quae,
1160 2195 1287 2267 opinor,
1317 2194 1447 2268 impune

220 2291 342 2366 neglegi
375 2309 439 2350 non
472 2294 617 2365 possunt.
657 2290 787 2365 Integra
819 2292 925 2348 autem
958 2289 1050 2349 nobis
1082 2290 1277 2350 instituenda
1309 2293 1357 2350 est
1387 2291 1446 2350 loci

219 2388 451 2464 interpretatio,
476 2389 508 2447 in
530 2405 594 2463 qua
616 2389 712 2448 hasce
732 2387 886 2463 distingui
908 2388 1111 2462 quaestiones
1133 2406 1262 2448 necesse
1282 2391 1345 2448 este

262 2483 292 2560 1)
319 2486 397 2560 quid
420 2485 571 2545 Herodoti
594 2485 691 2544 verba
714 2485 912 2560 significatum
1110 2467 1115 2481 ⁵

260 2583 292 2659 2)
320 2584 398 2659 quid
419 2601 457 2642 ex
479 2583 654 2642 sententiae
675 2582 924 2659 significatione,
949 2601 1032 2658 quae
1053 2584 1146 2642 nobis
1165 2585 1343 2660 recipienda
1362 2583 1445 2644 vide·

319 2683 415 2758 bitur,
434 2682 473 2740 de
490 2681 671 2741 Simonidea
686 2680 952 2755 epigrammatum
968 2682 1155 2741 auctoritate
1167 2683 1315 2741 constitui
1328 2685 1444 2758 potest;

258 2779 290 2855 3)
318 2797 401 2855 quae
423 2779 620 2838 Herodoteae
642 2778 817 2838 narrationi
839 2779 921 2838 fides
942 2782 990 2838 est
1011 2780 1173 2853 habenda;

258 2878 290 2954 4)
318 2897 382 2954 quo
404 2879 491 2937 fonte
513 2877 696 2936 Herodotus
718 2894 799 2936 usus
820 2895 892 2936 esse
913 2878 1048 2937 videtur.

260 2976 331 3053 §a
376 2975 427 3037 De
463 2974 652 3036 sententiae
688 2973 959 3053 significatione.
1002 2975 1087 3044 Quid
1125 2978 1276 3051 quodque
1294 2977 1296 2981 '
1312 2977 1445 3036 verbum

219 3075 376 3150 significet
407 3076 545 3150 primum
578 3074 838 3134 constituendum
870 3077 928 3133 est.
963 3074 1108 3133 Vidimus
1139 3075 1223 3134 enim
1255 3076 1317 3134 iam
1347 3092 1446 3149 supra

220 3174 410 3232 vocabulum
431 3171 613 3250 ἐπιγράφειν
635 3173 676 3233 ab
697 3174 758 3231 alio
781 3173 851 3231 viro
871 3173 963 3232 docto
985 3173 1076 3232 aliter
1097 3174 1205 3248 accipi.
1231 3175 1331 3234 Cuius
1346 3168 1445 3231 enunss

218 3272 285 3330 tiati
311 3272 398 3331 notio
419 3276 455 3331 ut
476 3272 680 3347 explanetur,
712 3272 917 3346 quaerendus
939 3274 987 3330 est
1008 3271 1091 3330 alius
1112 3272 1202 3330 locus
1224 3273 1442 3346 Herodoteus,

218 3369 272 3428 ubi
300 3369 383 3428 idem
413 3371 548 3429 verbum
575 3371 607 3428 in
637 3371 865 3445 epigrammate
893 3369 1055 3428 laudando
1084 3373 1268 3444 usurpetur.
1305 3371 1443 3443 Unicus,

218 3467 272 3541 qui
294 3467 468 3542 succurrit,
493 3468 582 3526 locus
604 3469 689 3526 extat
711 3467 730 3525 l.
756 3467 798 3525 IV
820 3486 845 3526 o.
870 3467 918 3526 88.
944 3467 1004 3526 Ubi
1024 3485 1128 3526 sermo
1147 3471 1195 3527 est
1210 3468 1250 3526 de
1264 3468 1447 3526 Mandroole

220 3565 343 3640 Samio,
368 3566 423 3640 qui
445 3583 463 3624 a
486 3567 588 3624 Dareo
609 3565 720 3624 iussus
743 3566 924 3640 Bosporum
946 3568 1042 3639 ponte
1062 3566 1176 3624 iunxit.
1206 3565 1285 3639 Qui,
1310 3583 1382 3624 cum
1405 3565 1446 3623 ab

217 3662 277 3721 isto
299 3662 389 3721 denis
412 3662 508 3720 rebus
530 3662 679 3720 omnibus
701 3664 785 3720 esset
807 3661 962 3736 donatusi,
989 3659 1136 3740 ἀπαρχὴν
1154 3661 1222 3740 ζῷα
1240 3659 1447 3739 γραψάμενος

318 3757 457 3837 ἀνέθηκε
478 3758 509 3826 ἐς
530 3756 565 3818 τὸ
580 3755 715 3837 Ἥραιον
737 3757 951 3836 ἐπιγράψας
973 3756 1047 3819 τάδε
1070 3758 1229 3836 (sequitur
1251 3759 1443 3835 Preg.109).

218 3859 459 3918 Mandroclesne
479 3860 548 3933 ipse
565 3876 693 3918 carmen
711 3858 863 3933 punxisse
880 3858 942 3917 dici
961 3858 1087 3916 videtur
1104 3875 1144 3916 an
1164 3875 1296 3916 curasse
1312 3858 1445 3932 inscrip-

218 3956 333 4016 tionem
362 3956 506 4032 picturae
532 3955 737 4015 addendam?
771 3957 840 4016 Hoc
861 3957 984 4031 opinor.
1020 3957 1158 4031 Apparet
1179 3954 1361 4034 ἐπιγράφειν
1383 3955 1445 4032 sig-

219 4054 348 4113 nificare
379 4050 563 4113 inscribere
594 4071 636 4112 sc.
672 4054 912 4129 inscriptionem
942 4055 991 4114 vel
1020 4055 1182 4113 causative
1209 4054 1446 4113 inscribendam

218 4151 455 4227 inscriptionem
491 4170 613 4211 curare.
659 4152 707 4210 Ab
742 4154 842 4212 altera
877 4157 968 4228 parte
1002 4154 1162 4212 notionem
1198 4152 1446 4229 ‘epigrammatis

219 4247 397 4324 condendi',
422 4267 518 4324 quam
538 4250 682 4325 plerique
700 4255 798 4313 verbo
817 4249 1018 4330 ἔπι-γράφειν
1034 4253 1145 4310 nostro
1162 4252 1230 4310 loco
1246 4252 1442 4326 tribuerunt,

219 4347 350 4406 alienam
380 4365 451 4406 esse
478 4348 673 4406 luculentum
703 4351 752 4408 est
781 4367 799 4408 a
829 4349 943 4426 verbo,
976 4349 1062 4424 quod
1090 4350 1218 4424 proprie
1245 4349 1285 4408 de
1312 4351 1445 4425 lapicida

220 4444 331 4504 dicitur
347 4444 386 4522 ὃ).

221 4588 374 4597 ————....

250 4665 272 4729 5)
306 4670 382 4733 Apud
402 4670 556 4732 posteriores
572 4671 712 4733 scriptores
730 4672 840 4720 demum
860 4672 969 4720 verbum
988 4666 1144 4736 ἐπιγράφειν
1162 4669 1369 4735 ‘epigrammatis
1384 4689 1447 4722 con·

220 4750 302 4800 dendi’
321 4753 454 4802 notionem
474 4753 591 4804 habete.
610 4770 634 4817 g.
649 4769 693 4816 ap.
712 4755 786 4804 Dion.
805 4755 865 4804 Obr.
885 4753 927 4815 (=
948 4753 1050 4818 Pavor.)
1068 4755 1107 4806 37.
1125 4754 1159 4804 l8
1176 4755 1219 4817 (of.
1239 4755 1251 4818 5
1269 4755 1320 4818 53).
