3572 5716
388 499 464 574 Gap.
489 496 558 574 111,
585 499 638 574 19,
662 499 710 558 20.
973 498 1029 558 184

387 704 457 746 1111
478 687 637 762 videntur,
662 704 733 746 cum
756 688 787 745 in
811 687 936 746 Corona
953 687 1135 762 legerentur
1153 687 1308 763 dispersa.
1334 688 1504 764 Convenit,
1529 689 1613 763 quod

387 785 502 845 horum
523 785 752 861 epigrammata
774 786 963 859 argumenta
985 785 1094 844 eadem
1117 787 1193 844 sunt
1214 787 1310 859 atque
1329 786 1610 861 epigrammatum,

387 899 425 940 ex
454 882 572 956 quibus
599 882 707 957 magni
735 882 906 956 fragmenti
934 880 1122 957 Meleagrei,
1154 882 1240 956 quod
1262 884 1392 941 nostrae
1412 882 1504 941 seriei
1526 900 1613 957 prae·

387 979 484 1054 cedit,
515 980 613 1038 altera
642 996 717 1054 pars
746 978 919 1054 composita
948 982 996 1038 est
1025 978 1083 1055 (11.
1112 979 1145 1038 11
1174 979 1350 1056 naufragos
1378 982 1408 1038 et
1436 981 1469 1038 in
1498 997 1614 1055 pueros

388 1077 573 1151 puellasque
604 1079 807 1152 praematura
840 1079 941 1136 morte
970 1076 1184 1153 absumptos).
1220 1077 1427 1152 Epigramma
1448 1077 1507 1136 512
1529 1078 1613 1154 apud

388 1174 582 1250 Meleagrum
600 1174 687 1233 haud
705 1191 822 1251 magno
839 1174 1007 1233 intervallo
1025 1174 1217 1249 diremptum
1235 1175 1353 1234 lectum
1371 1174 1472 1232 tuisse
1489 1175 1614 1233 videtur

388 1272 429 1331 ab
467 1291 515 1348 ep.
547 1271 621 1333 VII.
658 1273 717 1332 442
730 1291 738 1346 ;
777 1273 973 1348 epitaphium
1011 1273 1190 1332 Pausaniae
1229 1273 1341 1358 medici
1378 1273 1516 1332 fortasse
1553 1273 1622 1344 iam¹

388 1371 474 1444 apud
505 1389 577 1429 eum
610 1371 804 1445 sequebatur
834 1389 883 1446 ep.
909 1371 950 1429 in
982 1388 1118 1446 puerum
1150 1371 1348 1446 Gorgippum
1380 1374 1454 1430 ante
1486 1371 1613 1445 nuptias

388 1471 551 1526 mortuum
573 1468 631 1528 507
652 1469 689 1545 b,
721 1470 796 1544 quia
818 1470 850 1528 in
872 1471 1010 1544 utroque
1030 1470 1069 1528 de
1092 1466 1258 1528 thalamis
1278 1469 1490 1543 Proserpinae
1511 1485 1613 1528 sermo

388 1569 452 1641 est,
476 1599 515 1608 —
535 1583 619 1640 quae
639 1567 755 1627 locutio
776 1567 808 1626 in
827 1568 886 1627 hoc
903 1585 951 1642 ep.
970 1584 1048 1625 sane
1065 1567 1182 1641 optime
1201 1566 1362 1642 sehabet,
1386 1567 1419 1624 in
1438 1567 1490 1624 illo
1509 1569 1613 1625 autern

389 1681 540 1738 perversa
567 1667 615 1723 est
645 1663 697 1741 (ex
724 1666 806 1724 trad.
834 1665 860 1722 Α
886 1667 956 1724 orta
987 1661 1193 1742 Φερσεφόνης
1214 1660 1391 1739 ἀδύτων,
1423 1664 1463 1722 11.
1486 1661 1506 1740 ς
1530 1661 1609 1739 139).

388 1762 427 1819 11
463 1763 700 1838 epigrammatis
738 1762 928 1822 Simonideis
963 1780 1002 1820 ex
1034 1764 1094 1822 hac
1125 1764 1269 1823 Coronae
1301 1762 1496 1838 Meleagreae
1526 1764 1613 1837 parte

389 1860 614 1934 conquirendis
630 1879 731 1919 unum
745 1863 870 1921 tantum
886 1861 1024 1938 neglexit
1037 1861 1193 1936 Cephalas
1204 1858 1278 1919 VII.
1290 1860 1358 1920 496.
1383 1860 1476 1928 Quod
1488 1862 1613 1919 nostrae

389 1959 480 2016 seriei
508 1959 737 2034 epigrammata
765 1976 804 2017 ex
835 1958 963 2034 Sylloge
991 1976 1056 2018 non
1084 1976 1150 2017 uno
1177 1958 1289 2016 ordine
1316 1960 1492 2033 propagata
1521 1959 1609 2033 sunt,

388 2056 419 2113 id
455 2062 617 2131 praeterea
651 2056 891 2116 demonstratur
925 2057 1016 2116 titulo
1047 2056 1286 2131 epigrammatis
1318 2054 1375 2115 514
1407 2052 1609 2131 Σιμωνίδου,

389 2171 484 2227 quem
515 2172 553 2212 ex
585 2155 676 2214 titulo
706 2152 934 2231 [Ἀντιπάτρου]
966 2150 1173 2213 Σιδωνίου
1205 2171 1372 2228 perperam
1403 2154 1482 2212 11110
1509 2156 1612 2211 ortum

388 2268 459 2310 1111
479 2255 600 2310 certum
623 2252 701 2310 mihi
721 2255 769 2310 est
794 2251 876 2327 (coll.
897 2269 945 2326 ep.
964 2249 1039 2310 VII.
1061 2251 1135 2326 303,
1161 2251 1225 2309 vid.
1244 2252 1296 2310 alt.
1315 2252 1346 2309 h.
1361 2268 1387 2310 c.
1402 2248 1461 2326 p).
1487 2252 1613 2309 Praeter

389 2366 459 2423 epp.
488 2349 546 2408 508
574 2352 670 2423 atque
697 2348 755 2408 512
777 2352 807 2407 et
828 2349 886 2408 516
911 2347 964 2425 (de
983 2367 1048 2423 quo
1070 2349 1133 2408 vid.
1157 2346 1177 2425 ¹9*
1202 2346 1272 2424 104)
1296 2349 1412 2407 horum
1433 2348 1532 2423 igitur
1553 2348 1612 2422 epi-

390 2449 604 2522 grammatum
632 2448 714 2505 tituli
745 2447 917 2506 Simonidei
942 2437 1052 2506 eadem
1074 2464 1186 2505 norma
1208 2447 1402 2506 diiudicandi
1424 2449 1500 2505 sunt
1522 2448 1613 2520 atque

389 2562 500 2603 eorum
535 2545 820 2620 epigrammatum,
859 2562 941 2620 quac
971 2545 1004 2602 in
1036 2545 1224 2621 fragmentis
1256 2544 1440 2620 Meleagreis
1471 2545 1612 2619 dispersa

390 2643 550 2717 leguntur.
589 2643 689 2701 Error
712 2644 845 2701 subesse
866 2645 969 2718 potest
990 2643 1139 2718 Meleagri
1160 2643 1364 2702 librariorum
1387 2643 1553 2716 Cephalae.

433 2738 544 2816 5103.
590 2739 641 2800 De
672 2738 932 2800 imitationibus
960 2738 1174 2801 Simonideis
1201 2738 1410 2800 Mnasalcac.
1455 2742 1501 2798 De
1528 2741 1612 2799 Mna·

391 2837 510 2912 salcae,
535 2855 629 2912 quem
651 2841 687 2897 ut
708 2839 897 2897 imitatorem
921 2839 1094 2898 Simonidis
1116 2838 1254 2897 ludibrio
1273 2839 1384 2896 habuit
1400 2837 1612 2896 Theodoridas

389 2935 451 2992 AP.
483 2933 575 2994 XIII.
607 2937 662 3011 21,
697 2936 881 2995 imitationis
910 2938 1048 3012 ratione,
1083 2955 1155 2996 cum
1184 2937 1365 2996 accuratius
1393 2937 1613 3011 disputaturus

391 3033 450 3090 sim
472 3033 503 3090 in
526 3051 562 3091 ea
584 3035 680 3092 huius
703 3035 814 3109 capitis
836 3038 941 3110 parte,
966 3035 998 3093 in
1018 3035 1130 3110 quain
1147 3035 1334 3093 universum
1351 3035 1612 3110 epigrammatum

263 3123 267 3132 ’
393 3130 648 3190 Simonideorum
684 3133 815 3191 imitatio
850 3133 1039 3192 tractabitur
1075 3131 1110 3209 (ξ
1148 3130 1336 3208 124-130),
1375 3150 1461 3190 1111
1492 3134 1612 3190 tantum

393 3228 442 3304 (ut
472 3228 491 3306 ἓ
520 3229 610 3306 981)
639 3231 725 3288 111111
753 3231 978 3305 disputationis
1006 3248 1165 3289 summam
1189 3231 1330 3289 indicare
1351 3248 1480 3289 necesse
1501 3230 1612 3288 habeo:

391 3327 585 3385 Mnasaloam
617 3329 884 3403 epigrammatum
915 3328 1115 3387 Simonideae
1146 3327 1290 3404 Sylloges
1319 3329 1493 3387 sententias
1522 3345 1612 3386 suum

390 3425 423 3482 11
455 3443 551 3483 usum
583 3427 794 3502 convertisse,
827 3427 1018 3486 imitationes
1050 3429 1155 3485 autem
1189 3426 1257 3484 eius
1285 3444 1351 3484 una
1378 3427 1509 3500 excepta
1539 3423 1611 3501 (AP.

392 3520 465 3581 VII.
484 3521 555 3598 242)
579 3524 619 3582 ad
640 3541 738 3582 unam
760 3542 870 3583 011111
892 3525 925 3582 111
946 3525 1115 3584 traditione
1133 3525 1308 3598 posteriore
1325 3541 1441 3582 rursus
1462 3523 1614 3582 Simonidi

391 3620 568 3680 vindicatas
599 3639 670 3680 esse
700 3640 736 3681 ea
764 3623 833 3697 ipsa
863 3624 902 3681 de
929 3640 1043 3698 causa,
1078 3622 1163 3695 quod
1194 3620 1394 3680 Simonideae
1420 3625 1528 3680 essent
1557 3620 1611 3696 (sc.

391 3736 461 3793 epp.
486 3719 605 3778 Simon.
628 3720 701 3796 143,
726 3721 781 3795 95,
808 3720 881 3795 103,
909 3720 965 3779 106
987 3746 1027 3769 =
1046 3720 1109 3778 AP.
1126 3718 1182 3778 VI.
1201 3720 1234 3794 2,
1253 3717 1327 3778 VII.
1347 3719 1418 3794 301,
1436 3719 1510 3794 442,
1527 3717 1612 3794 443);

391 3817 423 3874 11
452 3818 501 3875 his
530 3819 672 3892 quinque
699 3819 937 3894 epigrammatis
964 3818 1078 3892 respici
1099 3817 1176 3876 mihi
1198 3817 1298 3876 videri
1320 3820 1350 3875 et
1371 3817 1432 3875 alia
1453 3835 1524 3893 epp.
1549 3816 1614 3891 Syl·

391 3914 478 3989 loges
502 3916 701 3974 Simonideae
721 3920 751 3974 et
772 3918 865 3990 haec,
890 3917 1024 3989 quaein
1048 3916 1109 3974 AP.
1131 3915 1294 3990 legantur:
1317 3914 1416 3989 11192
1430 3913 1611 3990 (1111249),

391 4030 461 4087 epp.
483 4015 614 4088 gemella
636 4014 673 4073 99
695 4018 725 4073 11
748 4014 805 4073 100
828 4012 916 4088 (VII.
938 4014 1013 4088 251,
1038 4012 1127 4090 253),
1152 4031 1200 4088 ep.
1218 4013 1274 4072 105
1299 4011 1387 4090 (VII.
1402 4011 1491 4088 258),
1516 4030 1564 4087 ep.
1579 4010 1615 4071 98

394 4108 482 4185 (VII.
504 4110 591 4187 347),
623 4129 671 4185 ep.
693 4112 750 4170 102
781 4109 868 4188 (VII.
892 4108 980 4186 512),
1012 4130 1060 4187 ep.
1083 4111 1120 4170 94
1151 4109 1239 4188 (VII.
1263 4111 1330 4186 677,
1363 4111 1401 4169 cf.
1425 4108 1444 4186 ξ
1467 4110 1560 4185 99,12
1587 4111 1615 4167 11

394 4204 413 4282 ξ
437 4206 527 4265 971.
551 4207 638 4284 148),
670 4226 719 4282 ep.
743 4209 799 4267 112
823 4206 929 4282 (XIII.
951 4206 1015 4284 26).

432 4305 545 4378 Itaque
572 4323 611 4363 ex
640 4307 818 4365 Mnasalcea
847 4306 1021 4365 imitatione
1047 4325 1133 4366 nunc
1157 4305 1305 4382 Syllogae
1329 4304 1530 4366 Simonideae
1551 4305 1615 4363 vin·

326 4432 328 4436 .
392 4403 498 4461 dicare
518 4421 692 4478 possumus
714 4422 762 4478 ep.
781 4403 855 4464 VII.
876 4405 934 4463 512
958 4403 1010 4481 (ci.
1035 4403 1054 4481 ξ
1080 4402 1149 4480 102)
1172 4407 1202 4463 11
1224 4402 1317 4464 XIII.
1339 4405 1394 4479 26,
1420 4407 1523 4463 111111
1544 4421 1612 4478 epp.

392 4501 476 4558 enim
497 4518 536 4558 ex
557 4501 669 4559 ceteris
690 4501 814 4560 indiciis
835 4504 863 4560 ei
884 4502 1051 4577 assignare
1072 4503 1134 4561 1111
1157 4503 1330 4577 potuimus

435 4597 454 4673 ᾖ
479 4597 544 4656 104.
590 4597 685 4671 Qnid
706 4598 748 4658 de
766 4598 999 4676 Antboloyiae
1017 4599 1203 4660 Palatinae
1224 4597 1490 4678 epigrammatis
1508 4597 1616 4660 Simo·

393 4693 506 4755 nideis
534 4695 739 4757 constituere
761 4696 992 4774 potuerimus.
1038 4699 1087 4756 Ex
1115 4698 1237 4773 tribus,
1268 4699 1387 4773 quibus
1412 4699 1463 4756 usi
1485 4715 1612 4770 111111,

392 4794 516 4853 indiciis
538 4796 687 4869 apparuit
708 4796 790 4854 inter
813 4797 850 4855 70
873 4792 938 4872 (73)
962 4813 1032 4871 epp.
1058 4796 1256 4872 Simonides,
1281 4797 1417 4871 quaein
1438 4794 1612 4854 Anth.Pal.
