3516 5712
379 465 455 541 Gap.
480 463 548 541 111,
574 465 621 526 17.
962 465 1018 524 184

686 651 733 710 17.
780 663 1022 712 schonrasran
1046 665 1295 712 neanoorrms.

420 809 440 889 ξ
470 810 517 871 79.
563 809 614 871 Dc
649 809 916 890 epigrammatis
953 811 1016 873 147
1051 809 1259 873 testimonio,
1310 815 1359 872 Ex
1394 814 1602 889 testimoniis,

378 926 462 983 quae
495 908 581 984 apud
615 909 810 968 Scholiastas
842 910 1118 986 Hermogenianos
1150 911 1319 987 leguntur,
1358 912 1481 970 nullum
1513 911 1605 970 habet

379 1007 550 1082 quicquam
579 1009 729 1067 momenti
757 1008 819 1067 nisi
846 1009 895 1083 id,
927 1008 1014 1084 quod
1035 1008 1121 1083 apud
1146 1007 1425 1068 Scholiastam
1453 1010 1604 1084 Anony-

379 1123 498 1180 mum,
522 1122 616 1179 quem
638 1105 735 1165 edidit
757 1107 844 1166 Walz
865 1107 936 1165 VII.
955 1103 1143 1181 101-1087,
1168 1109 1333 1165 servatum
1351 1109 1400 1167 ast
1419 1125 1449 1182 p.
1465 1107 1542 1166 1084
1552 1104 1602 1180 99).

380 1204 449 1262 Ηοο
479 1203 712 1279 testimonium,
746 1221 811 1279 quo
842 1221 908 1263 uno
942 1205 1053 1264 totum
1081 1204 1253 1263 memoriae
1280 1204 1441 1279 proditum
1469 1207 1518 1264 est
1545 1205 1605 1278 epi·

380 1317 524 1376 gramma
546 1301 774 1376 gravissimum
797 1300 864 1377 147,
889 1302 970 1360 miro
992 1319 1068 1361 casu
1090 1319 1109 1361 a
1131 1301 1210 1361 viris
1231 1302 1332 1361 doctis
1352 1303 1531 1378 neglectum
1547 1304 1603 1360 est.

380 1398 526 1457 Editores
548 1399 631 1458 enim
653 1400 713 1459 hoc
734 1417 782 1475 ep.
806 1400 939 1459 laudant
960 1417 999 1458 ex
1021 1399 1249 1475 scriptoribus,
1274 1418 1413 1474 quorum
1428 1400 1606 1460 testimonia

379 1496 522 1556 derivata
553 1500 629 1556 sunt
660 1515 699 1556 ex
730 1498 789 1557 hoc
822 1497 999 1558 Scholiasta
1021 1495 1085 1574 100).
1122 1498 1242 1575 Locus,
1273 1499 1314 1557 ad
1342 1516 1438 1573 quem
1466 1498 1606 1557 scholion

380 1595 481 1670 extat,
513 1597 561 1654 est
588 1592 660 1672 περὶ
687 1593 781 1655 ι’δεῶν
809 1595 827 1654 2
857 1592 941 1672 (περί
969 1592 1175 1674 δεινότητος),
1207 1596 1243 1671 9,
1274 1593 1336 1656 111.
1362 1596 1420 1655 355
1449 1597 1516 1655 W.:
1544 1591 1608 1654 ἐπεὶ

379 1689 433 1751 καὶ
455 1689 579 1752 δεινὸν
600 1691 679 1752 εἴποι
700 1715 743 1760 τις
763 1692 896 1772 ποιητὴν
917 1691 1026 1770 ὥσπερ
1048 1691 1066 1753 ὁ
1089 1689 1296 1770 Θεόκριτος
1316 1691 1400 1754 εἶπεν
1421 1691 1454 1753 έν
1474 1689 1608 1770 Χάρισιν

380 1787 455 1866 ῆέν
473 1785 591 1867 Ἱέρωνι
615 1789 710 1867 (XVI.
735 1792 773 1851 44
795 1790 860 1869 sq.)
883 1787 937 1850 τὸν
958 1788 1219 1870 Σιμωνίδην·

540 1887 569 1948 εἰ
585 1887 631 1968 μῆ
655 1887 791 1956 δεινὸς
812 1887 921 1956 ἀοιδὸς
943 1887 961 1949 ὁ
982 1886 1110 1968 Κῆιος
1131 1886 1220 1949 αἰόλα
1242 1888 1382 1968 φωνέων

539 1984 690 2064 βάρβιτον
711 1986 742 2054 ἒς
762 1984 966 2065 πολύχορδον
987 1985 1020 2047 ἒν
1041 1984 1174 2064 ἀνδράσι
1194 1985 1272 2066 θῆκ’
1291 1984 1487 2066 ὀνομαστοὺς

381 2080 474 2144 οὐδέν
496 2081 562 2144 ἄλλ’
581 2085 600 2163 ἢ
623 2088 713 2144 τοῦτο
736 2083 900 2164 δηποῦδεν
921 2083 1016 2162 λέγει,
1038 2083 1084 2144 ὅτι
1105 2083 1169 2145 κτλ.
1194 2085 1283 2154 Quae
1299 2084 1397 2144 verba
1415 2085 1610 2144 Scholiastae

380 2183 578 2241 occasionem
599 2183 756 2242 dederunt
777 2184 855 2242 haec
875 2183 1066 2243 annotandi:
1088 2181 1196 2253 ἰστέον,
1219 2181 1265 2242 ὅτι
1286 2181 1319 2243 ἐν
1339 2185 1403 2250 τοῖς
1423 2185 1480 2242 νῦν
1497 2203 1608 2260 φαινο-

381 2277 488 2355 μένοις
514 2276 721 2357 Θεοκριτείοις
748 2279 837 2359 εἰμὴ
860 2279 975 2349 θεῖος
995 2279 1105 2349 ἀοιδὸς
1126 2281 1312 2360 γέγραπται,
1341 2279 1423 2341 πόλιν
1446 2277 1480 2341 δὲ
1501 2277 1610 2340 καὶτὸ

382 2375 517 2444 δεινὸς
545 2375 745 2438 οἰκειότατον·
771 2376 876 2458 πάσης
897 2377 957 2458 γάρ
979 2378 1160 2459 ε’πιστῆμων
1181 2378 1200 2439 ὁ
1221 2377 1302 2458 άνῆρ
1323 2383 1486 2458 ποιητικῆς
1507 2400 1537 2438 τε
1558 2375 1612 2437 καὶ

382 2480 538 2554 μουσικῆς
563 2474 704 2556 ὑπῆρχεν
730 2474 776 2543 ὡς
797 2475 832 2535 ἐκ
853 2475 998 2556 νεότητος
1016 2476 1127 2557 μέχρις
1149 2475 1346 2557 ὀγδοήκοντα
1368 2475 1447 2537 ἐτῶν
1468 2479 1558 2537 νικᾶν
1578 2475 1611 2536 ἓν

382 2576 445 2639 τοῖς
472 2571 593 2650 ἀγῶσιν
615 2571 799 2653 Ἃδῆνησιν,
829 2572 875 2642 ὡς
902 2573 956 2635 καὶ
982 2572 1030 2635 τὸΔ
1045 2574 1228 2654 ἐπίγραμμα
1251 2572 1352 2654 δηλοῖ·
1375 2593 1441 2650 seq.
1465 2592 1514 2649 ep.
1541 2574 1607 2633 147.

415 2751 450 2813 01)
485 2751 523 2801 lbi
550 2755 660 2803 lectores
684 2754 839 2803 referuntur
862 2756 893 2805 ad
918 2758 967 2805 vol.
986 2755 1014 2805 V.
1039 2755 1095 2804 513.
1122 2755 1196 2805 Walr.
1219 2756 1291 2804 enim
1314 2769 1359 2818 ea,
1386 2768 1455 2819 quae
1480 2753 1612 2802 Planudes

382 2835 426 2898 (cl.
450 2853 475 2886 n.
493 2836 542 2888 100
564 2842 592 2887 ct
614 2837 627 2900 5
645 2837 689 2899 80)
712 2854 744 2888 ex
765 2837 912 2890 Scholiasta
930 2845 1020 2890 nostro
1039 2841 1093 2889 fere
1112 2840 1144 2888 ad
1163 2840 1273 2890 verbum
1292 2841 1429 2904 excripsit,
1452 2839 1522 2903 apud
1541 2839 1612 2888 hunc

383 2937 435 2971 non
454 2923 585 2985 repetivit.

415 3002 462 3068 1οΟ)
497 3006 679 3057 Schneidewin
697 3007 851 3072 (ιι.1831)5)
871 3010 919 3059 hoc
937 3024 977 3072 ep.
995 3010 1087 3058 laudat
1104 3024 1136 3058 ex
1155 3009 1273 3058 Planude
1292 3011 1320 3059 V.
1339 3007 1389 3058 513
1408 3009 1449 3060 W.
1467 3006 1502 3069 (a.
1520 3005 1612 3069 1833),

382 3090 425 3140 cui
451 3092 603 3142 testimonio
629 3107 659 3141 er
687 3093 805 3142 Grameri
831 3094 880 3143 An.
904 3093 950 3143 Ox.
975 3094 1019 3142 lll.
1042 3091 1093 3142 353
1116 3091 1150 3154 (a.
1169 3091 1247 3156 1830)
1271 3094 1372 3143 addidit
1396 3094 1481 3158 Bergk
1504 3094 1611 3142 Tzetzac

382 3176 499 3225 scholion
517 3177 549 3225 ad
568 3175 635 3227 Chii.
654 3179 672 3228 l.
691 3177 741 3227 619
759 3194 816 3242 sqq.
834 3177 979 3240 (cf.§ll5).
998 3178 1097 3226 Horum
1108 3178 1321 3227 testimoniorum
1331 3179 1433 3228 fontem
1442 3191 1610 3227 communem

382 3275 439 3309 esse
465 3265 585 3310 nostrum
609 3260 731 3311 Scholion
755 3263 783 3312 in
808 3265 856 3312 vol.
875 3263 920 3311 Vll
946 3263 985 3314 W.
1010 3260 1043 3320 (a.
1068 3260 1145 3318 1831)
1170 3262 1388 3312 animadvertisse
1412 3278 1465 3313 non
1490 3263 1612 3311 videntur

384 3346 431 3394 riri
449 3345 518 3395 docti
535 3341 632 3408 (Bergk
651 3345 747 3409 Preger
765 3346 895 3395 Haurette
912 3344 977 3406 alii).
995 3371 1027 3379 -
1046 3347 1114 3395 Ante
1133 3345 1366 3396 Schneidewinum
1384 3361 1423 3410 ep.
1443 3351 1537 3396 notum
1554 3351 1612 3396 erat

383 3429 444 3478 viris
462 3429 544 3478 doctis
561 3444 592 3478 ex
608 3429 714 3479 Rhetor.
731 3429 820 3480 Graec.
837 3431 877 3479 ed.
893 3430 980 3479 Aldin.
993 3445 1016 3479 a.
1028 3429 1094 3479 1500
1107 3431 1156 3480 νοΙ.
1169 3430 1200 3479 ΙΙ.
1213 3428 1270 3479 110.
1289 3429 1373 3488 Quem
1391 3429 1490 3480 librum
1508 3435 1612 3494 practer

383 3512 418 3562 ‘in
432 3513 577 3577 Aplrtlronii
592 3520 825 3579 progymnasmata
837 3513 1048 3565 Commentarios
1060 3514 1220 3564 innominati
1233 3515 1356 3564 auctoris'
1369 3515 1505 3566 continere
1517 3517 1612 3566 titulus

383 3597 522 3661 profitetur
544 3594 656 3663 ‘Syriaci
680 3599 784 3662 Sopatri
807 3600 954 3649 Marcellini
978 3599 1188 3649 Commentarios
1212 3601 1239 3648 in
1264 3599 1435 3664 Hermogenis
1452 3600 1611 3650 Rhetorica’.

384 3684 501 3741 (luorum
525 3685 759 3748 grammatirnrum
785 3699 846 3734 cum
869 3689 976 3733 tanturn
1000 3689 1092 3733 extent
1116 3684 1305 3734 Commentarii
1329 3685 1356 3733 in
1381 3684 1503 3748 Hermog.
1526 3691 1611 3734 statas

383 3765 464 3831 (quae
483 3785 505 3832 p.
517 3768 632 3818 16-351
652 3770 781 3833 leguntur
799 3785 828 3812 =
848 3770 898 3819 vol.
916 3770 957 3819 IV.
974 3768 1042 3831 W.),
1060 3769 1251 3819 Commentarii
1268 3770 1295 3818 in
1313 3769 1393 3819 libros
1409 3771 1442 3819 de
1459 3771 1612 3820 inventione

384 3858 411 3902 et
433 3854 466 3903 dc
490 3855 558 3904 ideis
582 3853 617 3918 (p.
634 3853 767 3903 350-117
793 3871 822 3897 =
847 3855 922 3904 Walz
948 3855 976 3904 V.
994 3852 1139 3916 363-561)
1162 3855 1257 3904 adiecti
1280 3860 1344 3904 sunt
1367 3869 1398 3903 ex
1416 3853 1611 3904 Commentario

383 3939 498 4001 quodam
511 3953 662 4002 anonymo,
679 3953 759 4003 quem
772 3955 833 3988 curn
846 3939 878 3988 iis
892 3940 1021 3989 Planudei
1033 3940 1149 4002 excerpti
1162 3939 1328 3989 Scholiorum
1342 3939 1610 4003 Hermogenianorum

385 4023 515 4086 partibus,
540 4038 609 4087 quae
632 4025 659 4072 in
681 4024 773 4073 eodem
794 4029 934 4073 versantur
950 4029 1120 4088 argumento,
1147 4039 1252 4087 prorsus
1269 4025 1409 4074 convenire
1426 4023 1612 4074 animadvertit

385 4108 458 4159 Walz
476 4108 508 4156 ud
527 4108 621 4158 horum
639 4108 804 4158 Scholiorum
823 4109 960 4157 exordium
972 4108 1001 4158 V.
1014 4107 1064 4157 010
1079 4108 1137 4158 mi.
1155 4134 1188 4142 -
1207 4108 1332 4172 Ursinus,
1349 4112 1490 4172 postquam
1502 4109 1611 4158 tertium

384 4192 514 4241 distichon
527 4206 558 4241 ex
571 4193 713 4243 Plutarcho
728 4193 780 4242 iarn
792 4193 885 4242 attulit
899 4210 920 4256 p.
931 4192 993 4256 151,
1008 4199 1092 4242 totum
1106 4207 1145 4256 ep.
1156 4193 1248 4242 laudat
1262 4208 1283 4256 p.
1294 4191 1343 4242 101
1357 4192 1454 4242 mirum
1466 4192 1494 4241 in
1505 4192 1610 4241 modurn

384 4277 479 4328 omisso
504 4279 579 4327 testis
603 4279 713 4342 indicio,
736 4293 789 4342 quo
813 4278 967 4342 ceteroquin
992 4261 1097 4327 nullum
1123 4293 1162 4341 ep.
1184 4292 1273 4327 carere
1291 4276 1382 4326 voluit.
1408 4275 1444 4326 Ex
1463 4280 1539 4327 textu
1556 4276 1611 4326 eius

384 4361 427 4422 (cs.
447 4377 471 4411 n.
489 4361 550 4424 101)
567 4368 658 4412 autem
677 4369 787 4426 apparet
804 4378 867 4412 eum
885 4363 1017 4412 invenisse
1035 4377 1073 4425 ep.
1094 4363 1121 4411 in
1139 4361 1248 4411 Tzetzae
1265 4361 1384 4411 Scholiis.
1402 4385 1435 4394 —
1454 4361 1542 4411 Unum
1561 4375 1610 4409 non

385 4447 518 4510 intellego.
545 4447 727 4497 Schneidewin
752 4449 784 4497 ad
809 4449 858 4497 hoc
881 4463 920 4510 ep.
945 4451 1068 4496 arrnotat:
1094 4443 1209 4496 ‘additur
1232 4444 1278 4508 (sc.
1302 4446 1454 4495 testimonio
1477 4441 1611 4504 Planudis)

385 4546 424 4592 alr.
440 4531 571 4581 Walziurrr
591 4527 655 4595 φασὶ
674 4526 703 4580 δὲ
720 4527 800 4580 αὐτὸν
817 4527 947 4595 μειὰκτῆν
964 4529 1042 4595 νίκην
1058 4527 1168 4580 πλεῦσαι
1185 4526 1252 4594 πρὸς
1267 4525 1377 4594 Ἱέρωνα
1392 4526 1438 4578 καί
1452 4527 1513 4593 μετ’
1528 4527 1611 4593 ὀλίγον

384 4611 412 4664 έν
430 4613 539 4680 Σικελίᾳ
557 4613 722 4680 τελευτῆσαί.
744 4618 816 4676 Quae
836 4617 914 4666 rerba
931 4632 971 4679 ap.
990 4617 1120 4667 Walzium
1139 4633 1194 4666 non
1212 4617 1356 4679 adduntur,
1373 4616 1418 4666 scd
1436 4613 1611 4679 (transpositis

385 4717 445 4750 vero
464 4701 549 4751 verbis
566 4697 594 4750 ἐν
609 4699 670 4751 Σικ.
687 4708 748 4752 arrte
767 4699 816 4751 καί
821 4740 827 4766 ,
846 4702 946 4752 adiecto
961 4697 1020 4749 ἐκεῖ
1033 4706 1091 4765 post
1105 4697 1203 4765 ὀλίγον)
1219 4717 1258 4764 ap.
1272 4701 1408 4763 Taetrum,
1426 4701 1473 4764 qui
1484 4714 1611 4750 uuoanno

385 4791 443 4848 post
460 4786 708 4836 Schneidewianuru
727 4787 825 4836 librum
843 4785 945 4836 editum
964 4787 1070 4835 demum
1090 4787 1213 4849 vulgatus
1231 4789 1278 4835 est.
