3516 5712
475 537 799 615 mmmmm.
1058 541 1114 598 m

473 727 565 785 titulo
586 724 761 786 ἀδέσποτον
780 725 832 802 5⁰).
866 727 938 796 Quo
959 744 1071 786 revera
1091 729 1241 786 ornatum
1263 729 1348 785 extat
1370 745 1498 786 carmen
1519 729 1574 787 AP.
1596 731 1649 788 XII

476 825 512 884 16
532 825 584 898 ¹³³).
622 826 736 898 Itaque
766 826 890 883 nullum
921 829 970 882 est
1000 824 1153 898 dubium,
1188 825 1267 898 quin
1299 829 1474 900 utrumque
1503 827 1650 902 epigrama

475 923 652 982 Pausanias
665 923 776 997 legerit
791 923 823 980 in
839 923 964 982 Corona
980 923 1156 997 Meleagrea
1166 921 1218 994 61).
1243 923 1325 980 Tum
1340 925 1447 981 autem
1462 925 1648 982 concedenda

472 1025 521 1079 est
540 1038 614 1079 eum
635 1038 707 1094 epp.
733 1019 790 1078 160
810 1023 841 1078 et
865 1020 936 1094 152,
961 1037 1100 1094 quorum
1118 1019 1197 1078 illud
1215 1020 1278 1078 iam
1296 1037 1336 1078 ex
1351 1021 1531 1079 collectione
1543 1040 1608 1080 cum
1624 1025 1650 1080 A?

472 1121 608 1193 cognata
636 1118 770 1176 fluxisse
798 1117 953 1191 vidimus,
984 1135 1023 1175 ex
1044 1117 1153 1175 eadem
1176 1117 1326 1175 hausisse
1346 1118 1482 1177 Corona.
1518 1119 1580 1178 Hoc
1599 1139 1642 1195 ep.

474 1217 612 1291 Cephala
640 1233 680 1274 ex
708 1216 833 1275 Corona
862 1232 926 1273 non
956 1217 1117 1289 receptum
1145 1218 1207 1286 est;
1237 1216 1389 1290 quoniam
1416 1217 1542 1275 aliunde
1561 1235 1650 1275 none

472 1315 649 1389 cognitum,
674 1330 738 1371 non
760 1317 884 1371 constat
905 1314 936 1370 id
958 1314 1021 1371 iam
1043 1313 1075 1370 iu
1096 1312 1225 1388 Sylloge
1245 1311 1427 1372 Simonidea
1446 1315 1585 1374 affuisse.
1608 1317 1650 1373 llll

472 1415 578 1470 autem
602 1409 775 1469 Simonidis
796 1410 924 1469 nomine
944 1410 1147 1484 destitutum,
1172 1409 1204 1467 in
1223 1410 1333 1468 eodem
1352 1428 1428 1469 vero
1446 1415 1532 1470 textu
1546 1414 1650 1471 laudat*

472 1509 559 1582 apud
587 1509 669 1566 Plut.
693 1508 734 1566 de
759 1525 807 1566 or.
832 1508 894 1565 dei.
919 1507 978 1566 436
999 1508 1020 1565 b
1043 1505 1079 1583 (ς
1102 1505 1154 1581 51)
1181 1509 1211 1565 et
1240 1507 1346 1566 Schol.
1372 1509 1451 1567 Plat.
1477 1510 1570 1585 Gorg.
1592 1510 1647 1568 448

474 1605 509 1682 (ᾖ
540 1605 602 1680 18).
639 1607 698 1664 His
725 1606 802 1664 locis
831 1605 964 1679 vestigia
993 1622 1167 1679 agnoscere
1195 1605 1273 1662 mihi
1300 1606 1410 1664 videor
1431 1607 1622 1682 seriptiouiS,

472 1723 535 1779 qua
563 1703 717 1763 Colleetor
737 1703 976 1777 inscriptionem
998 1703 1126 1760 tabulae
1147 1703 1315 1779 Polygnoti
1337 1720 1530 1779 anonymam
1551 1706 1649 1780 petive

473 1801 568 1877 (trad.
593 1803 619 1859 A
640 1825 679 1850 =
702 1801 742 1874 S,
766 1801 805 1858 ol.
832 1799 852 1877 ξ
876 1800 934 1859 136
955 1819 987 1858 n.
1013 1800 1055 1876 1).

514 1897 533 1976 ξ
556 1899 603 1958 66.
651 1898 701 1957 Dc
715 1897 914 1958 Pausaniae
927 1895 1153 1974 aeplepcatia.
1178 1896 1322 1964 Quartus
1336 1899 1435 1973 loeus,
1454 1899 1508 1957 ubi
1525 1899 1650 1958 Simoni(

440 1997 443 2001 ’
471 1998 556 2070 apud
577 1997 769 2058 Pausaniam
788 1997 906 2054 mentio
923 1996 974 2069 iit,
994 1999 1042 2053 est
1058 1996 1112 2052 IX.
1126 1995 1155 2053 A.
1170 1996 1204 2054 5:
1226 1992 1305 2054 κατὰ
1321 1991 1356 2054 δὲ
1370 1993 1426 2074 τὴν
1440 1993 1552 2055 ἔσοδον
1565 1995 1650 2072 μάλα

472 2093 527 2173 εἰμ’,
554 2093 585 2160 ἒς
613 2092 775 2153 Πλάταιαν
802 2092 895 2170 τάφοι
922 2095 987 2150 τῶν
1013 2089 1095 2168 πρὸς
1123 2089 1261 2170 Μήδους
1284 2092 1517 2171 μαχεσαμένων
1537 2093 1599 2153 εἶσί.
1634 2118 1650 2152 a

471 2190 529 2265 μὲν
554 2187 611 2250 οὖν
637 2189 756 2256 λοιποῖς
777 2190 856 2249 ἔστιν
871 2187 995 2268 Ἕλλησι
1018 2194 1127 2268 μνῆμα
1149 2188 1274 2250 κοινόν·
1302 2188 1568 2268 Λακεδαιμονίων
1590 2191 1650 2251 ‹tl-2

466 2287 647 2366 Ἀθηναίων
674 2292 736 2353 τοῖς
763 2291 912 2347 πεσοῦσιν
939 2285 1001 2363 leta
1029 2287 1061 2346 τέ
1087 2287 1161 2347 εἰσιν
1188 2287 1219 2347 oi
1243 2286 1352 2365 τάφοι,
1380 2286 1434 2348 καὶ
1459 2287 1650 2366 disparilia*

471 2383 708 2463 Σιμωνίδου
730 2385 932 2464 γεγραμμένα
955 2383 1003 2444 ἐπ’
1022 2384 1135 2452 αὐτοῖς.
1174 2384 1212 2445 οὗ
1233 2384 1348 2463 πόρρω
1371 2383 1405 2444 δὲ
1426 2384 1490 2445 ἀπὸ
1512 2391 1566 2446 τοῦ
1588 2410 1649 2448 noa

470 2486 534 2542 ιιῖνν
561 2480 720 2561 Ἑλλήνιον
753 2481 826 2549 Διός
856 2483 935 2544 ἔστιν
962 2481 1163 2561 Ἐλευθερίου
1194 2483 1309 2561 βωμός
1337 2482 1401 2544 κτλ.
1435 2485 1529 2544 Nulla
1557 2487 1650 2560 profe

470 2585 553 2642 esset
581 2599 696 2656 eausa,
727 2600 785 2641 cur
813 2599 1005 2658 negaremus
1035 2583 1214 2641 Pausaniae
1240 2584 1273 2641 in
1302 2582 1427 2642 Corona
1449 2586 1577 2658 praesto
1598 2585 1650 2642 iuis

470 2671 709 2756 epigrammata.
729 2697 816 2738 nunc
844 2680 1006 2755 deperdita
1035 2681 1255 2754 sepulcrorum
1281 2681 1522 2738 Atheniensium
1545 2682 1650 2740 Laced

470 2779 730 2853 molliorumque,
762 2779 817 2852 qui
845 2779 878 2836 in
907 2795 1016 2853 pugna
1044 2778 1221 2836 Plataeensi
1243 2779 1441 2852 cecideruut,
1472 2796 1575 2853 eaque
1598 2780 1650 2839 Sin

470 2877 553 2935 nidis
582 2877 711 2934 nomine
739 2877 898 2952 praedita,
929 2877 990 2934 nisi
1018 2876 1051 2934 in
1079 2876 1189 2934 eadem
1212 2876 1337 2935 Corona
1358 2863 1517 2952 legeretur
1542 2877 1649 2936 Simon

469 2974 658 3033 attributum
680 2975 891 3050 epigramma,
915 2975 1001 3048 quod
1017 2974 1206 3048 inscriptum
1222 2974 1323 3032 luisse
1337 2974 1475 3033 traditur
1490 2991 1649 3033 monume:

469 3090 487 3131 a
520 3073 679 3131 Pausania
713 3090 785 3131 mox
817 3076 1077 3132 commemorato:
1110 3089 1158 3146 ep.
1185 3071 1242 3130 140
1271 3072 1358 3146 volo,
1393 3073 1479 3146 quod
1508 3089 1586 3131 arae
1614 3075 1649 3131 Io

470 3153 662 3228 Liberatoris
690 3170 885 3246 insculptum
912 3171 973 3228 ΑΡ.
996 3171 1049 3228 VI.
1075 3169 1113 3228 50
1134 3170 1250 3244 legitur
1271 3170 1304 3228 in
1326 3170 1407 3228 trad.
1435 3170 1474 3243 S,
1498 3188 1649 3246 anonym

469 3271 574 3328 autem
593 3271 623 3325 et
642 3268 674 3325 in
692 3270 781 3326 textu
801 3268 893 3327 valde
906 3269 1034 3326 diverso
1051 3265 1103 3343 (A)
1119 3285 1158 3326 ex
1173 3269 1303 3342 Ephoro
1318 3271 1532 3343 propagatum
1547 3269 1600 3327 bis
1616 3287 1649 3343 ap

470 3349 1645 3442 rmmmacmaaamaaffiamawm

468 3465 525 3521 est.
553 3463 731 3521 Difficultas
753 3462 844 3521 facile
864 3463 1041 3537 expeditur,
1067 3462 1093 3519 si
1116 3479 1188 3520 eum
1213 3462 1449 3521 Wilamowitzio
1472 3462 1517 3537 (p.
1537 3463 1599 3522 313
1620 3483 1648 3523 n.

469 3560 679 3636 Pausaniam,
705 3578 768 3634 qua
791 3561 831 3618 sit
853 3560 1069 3635 neglegentia,
1095 3560 1134 3618 ad
1157 3561 1304 3644 sepulcra
1327 3577 1441 3618 nomen
1464 3564 1580 3634 poetae
1598 3566 1648 3620 tra

467 3659 580 3716 tulisse
607 3661 776 3733 putamus,
808 3676 872 3732 quo
900 3659 932 3716 in
962 3658 1050 3716 fonte
1077 3658 1145 3716 eius
1176 3657 1261 3733 (Cor.
1288 3656 1375 3734 Mel.)
1404 3675 1480 3716 arae
1500 3659 1648 3734 epigram

467 3757 681 3815 instrueretur
701 3754 753 3831 6ἳ).

470 3865 627 3873 ———

500 3917 535 3978 aa)
570 3917 643 3976 Quod
668 3933 682 3966 a
707 3917 769 3966 viris
793 3917 876 3966 doctis
901 3931 953 3965 non
972 3915 1186 3965 animadversum
1205 3931 1262 3965 esse
1280 3916 1361 3964 video.
1391 3915 1522 3965 llauvette
1542 3919 1614 3967 mire
1634 3934 1647 3981 p

468 4004 516 4051 hoc
540 4003 686 4051 Pausaniae
710 4002 846 4050 silentium
873 4001 981 4063 probare
1006 4006 1083 4064 putat
1106 4015 1220 4064 sequens
1244 4003 1407 4063 epigramma
1430 4003 1521 4064 procul
1548 4003 1634 4050 dubio

467 4085 616 4136 Simonidis.
1340 4095 1342 4100 “

500 4168 535 4230 ⁰0)
570 4169 697 4233 Cyniscae
720 4170 882 4233 epigramma
904 4169 1027 4218 marmori
1046 4170 1201 4232 inscriptum
1220 4184 1243 4218 a.
1261 4167 1328 4218 1379
1345 4167 1484 4233 Olympiae
1503 4176 1647 4244 repertura

467 4255 618 4308 (llollrnann
643 4253 708 4317 Syll.
732 4253 800 4314 381),
827 4254 900 4311 Quod
926 4270 986 4303 casa
1013 4255 1129 4317 qarodam
1155 4269 1205 4302 non
1230 4259 1427 4302 annotaverunt
1445 4254 1554 4304 Pas-H.
1575 4257 1609 4304 ad
1634 4257 1642 4303 l

467 4343 515 4388 loc.
534 4340 603 4388 laud.

499 4423 535 4484 11)
570 4423 623 4472 11οσ
647 4424 729 4486 igitur
751 4423 811 4472 libri
835 4423 884 4472 ΑΡ.
909 4423 968 4471 11111
993 4438 1046 4486 ep,
1071 4423 1140 4471 sicut
1163 4436 1220 4484 epp.
1244 4420 1398 4471 Callimachi
1422 4422 1491 4472 lllll.
1510 4421 1547 4471 25
1574 4422 1602 4486 (ξ
1622 4424 1646 4470 ἵν

467 4508 534 4558 lllll.
559 4507 573 4556 7
596 4506 621 4568 (ξ
639 4507 696 4570 bl),
721 4509 772 4556 iam
792 4508 818 4555 in
837 4508 957 4569 foralibus
976 4506 1106 4569 Cephalae
1125 4506 1270 4569 legebatur.
1298 4507 1355 4564 Qum
1373 4521 1400 4555 re
1419 4513 1480 4556 utar
1497 4509 1525 4556 in
1547 4517 1646 4570 ιμιαεει

467 4593 497 4640 de
517 4593 596 4641 lulius
615 4592 673 4640 libri
692 4593 866 4655 Anthelogiae
886 4593 1020 4641 Palatinae
1038 4593 1139 4654 origine
1157 4592 1295 4639 tractanda
1316 4589 1408 4652 (5111).

499 4675 534 4736 ⁰2)
570 4678 687 4725 Nimium
716 4678 861 4726 Pausaniae
888 4677 983 4726 tribuit
1007 4677 1106 4739 Bergk,
1130 4676 1220 4738 quiin
1240 4691 1295 4737 epp.
1314 4674 1347 4722 99
1364 4681 1445 4739 attelae
1463 4675 1515 4725 100
1535 4676 1645 4726 Simoni

466 4775 535 4824 qliae
553 4762 672 4824 sepulcra
688 4767 839 4824 ornassent,
864 4776 1004 4822 agnoscere
1024 4762 1112 4809 voluit.
1141 4761 1231 4809 llaibel
1250 4759 1285 4822 (p.
1303 4759 1353 4808 aaa
1370 4760 1420 4823 sq.)
1439 4765 1518 4823 putat
1538 4763 1645 4828 perlegi

465 4843 610 4909 ‘dereptum
630 4861 686 4894 esse
704 4847 851 4895 incolarum
871 4845 1038 4895 rumorilms'.
