3546 5724
693 1163 728 1222 L.
755 1162 788 1224 S.

292 1454 334 1515 In
361 1454 425 1516 leae
453 1455 744 1517 commentatione
771 1454 1019 1534 conscribenda
1040 1473 1110 1534 pro
1138 1455 1366 1518 fundamento
1394 1476 1478 1519 nsns

252 1579 329 1622 snm
367 1579 407 1623 ea
442 1561 646 1640 scriptione,
689 1580 796 1641 qnam
828 1565 909 1624 ante
942 1565 1009 1624 tres
1040 1580 1153 1623 annos
1184 1562 1371 1625 certamine
1401 1583 1477 1626 aca-

253 1667 404 1730 demicae
440 1668 613 1731 incentati
649 1669 783 1732 indicto
815 1688 1000 1749 oppressas
1029 1687 1123 1747 sam,
1160 1688 1318 1747 quaeqae
1348 1673 1479 1733 aestate

252 1774 339 1836 anni
366 1775 529 1837 MCMIII
551 1795 574 1837 a
595 1776 727 1838 Senatn
754 1775 996 1839 Universitatis
1017 1775 1350 1838 Amstetodamensis
1371 1795 1477 1839 careo
1537 1820 1540 1826 ·

246 1880 407 1960 praemio
446 1886 575 1945 ornata
613 1886 670 1945 est.
706 1882 808 1944 litias
838 1881 1042 1961 scriptionis
1067 1881 1225 1960 priorem
1252 1886 1392 1961 partem
1425 1885 1478 1957 (de

252 1988 546 2068 epiprammatam
578 1988 862 2051 Simonideornm
892 1973 1099 2067 traditione)
1132 1992 1358 2050 retractatam
1386 2007 1478 2052 nnnc

252 2095 387 2173 emitto,
423 2095 572 2158 atteram
605 2095 661 2174 (de
692 2095 987 2174 epiprammatnm
1016 2095 1300 2157 Simonideornm
1327 2095 1476 2176 oripine)

246 2201 452 2280 propediem
472 2202 639 2264 editarns.

292 2310 342 2371 De
367 2310 506 2372 ratione
534 2328 575 2371 ac
602 2310 747 2372 consitio
778 2309 845 2372 mei
875 2309 983 2371 libelii
1005 2309 1079 2371 dici
1099 2313 1121 2386 ἕ
1143 2310 1194 2371 20
1214 2329 1264 2388 sq.
1289 2308 1475 2388 Epipram·

251 2421 348 2479 mata
380 2416 524 2479 landari
554 2418 743 2478 senendam
774 2434 937 2478 numeros
968 2415 1184 2494 Berplcianos
1215 2416 1382 2495 (PLG.4),·
1414 2416 1477 2494 qni

250 2523 387 2586 nnmeri
413 2527 453 2585 at
478 2523 643 2585 nitantur
666 2522 845 2602 principio
869 2522 990 2584 mattis
1011 2523 1053 2585 de
1074 2522 1188 2584 conns
1208 2521 1398 2600 reiciendo,
1424 2521 1477 2583 ita

245 2650 311 2708 per
342 2634 393 2692 tot
424 2649 536 2693 annos
567 2649 590 2692 a
621 2629 706 2692 ciris
738 2629 849 2691 doctis
879 2629 1045 2710 nsnrpati
1071 2632 1169 2706 sant,
1204 2632 1244 2690 nt
1271 2646 1328 2690 eos
1355 2627 1392 2690 in
1413 2629 1477 2690 troc

245 2737 366 2816 priore
386 2736 562 2799 notamine
583 2741 719 2800 matare
739 2737 921 2799 notnerim.

290 2845 425 2923 Restat,
456 2848 496 2906 at
517 2846 714 2923 pertanpar
743 2843 861 2906 otticio
890 2847 922 2905 et
951 2843 1066 2906 debito
1095 2847 1127 2905 et
1149 2842 1237 2905 mitti
1256 2842 1472 2922 pratissimo.

250 2950 370 3013 Primo
408 2951 480 3013 loco
521 2950 596 3012 Tibi
625 2951 764 3031 pratias
794 2969 878 3029 apo,
903 2949 1094 3012 clarissime
1115 2953 1270 3027 Kalena,
1305 2952 1474 3011 aestnma·

252 3057 382 3120 tissime
404 3062 606 3136 promotor,
639 3077 716 3119 crrm
739 3076 809 3135 pro
838 3056 1061 3119 institutione
1084 3057 1156 3118 Pac
1171 3056 1375 3135 praeclara,
1402 3059 1476 3117 tam

244 3183 313 3242 pro
353 3164 508 3226 consitiis
548 3168 579 3227 et
617 3163 778 3242 monitis,
821 3163 948 3243 quibas
987 3162 1075 3225 mitti
1105 3162 1331 3242 scriptionem
1362 3181 1475 3224 meam

248 3271 454 3333 retractanti
491 3271 637 3334 attnisti.
684 3273 748 3334 Vos
787 3290 941 3350 qnoque,
982 3270 1050 3333 riri
1088 3270 1276 3333 clarissimi
1309 3273 1474 3330 BELLAAR

252 3379 391 3439 SPRUYT
425 3378 491 3457 (†),
523 3381 662 3456 NABER,
694 3393 763 3439 vsa
790 3393 862 3438 css
884 3381 948 3455 Es,
973 3381 1156 3454 Vsccroa,
1181 3380 1364 3454 KsRsrsN,
1391 3377 1471 3453 S1x,

250 3502 399 3561 quornm
435 3485 639 3547 lectionibus
670 3484 1041 3563 coercitationibasqne
1063 3483 1291 3562 phitotopicis
1319 3483 1357 3544 in
1389 3483 1474 3545 Aca-

250 3590 365 3652 demia
392 3591 708 3654 Amsteiodamensi
735 3591 897 3670 intertui,
928 3591 1130 3654 stadiorum
1155 3589 1339 3670 primitias
1360 3590 1476 3653 edenti

249 3696 419 3760 miiitiae
441 3699 513 3760 ioco
536 3698 833 3760 commemorandi
853 3698 950 3776 estis,
975 3701 1016 3760 at
1039 3701 1155 3775 tester,
1181 3700 1353 3776 quantam
1375 3697 1475 3759 Vobis

249 3806 423 3882 acceptam
443 3805 600 3867 referam.

289 3909 445 3989 Denique
464 3912 603 3991 pretias
617 3930 685 3991 apo
700 3912 775 3974 ciro
791 3911 987 3974 clarissimo
1003 3905 1148 3972 HUGONI
1166 3911 1471 3986 STADTMUELLER,
1556 3899 1558 3903 ’

242 4016 434 4092 professori
462 4019 756 4098 Heidelberpensi.
788 4019 823 4081 Is
851 4018 943 4080 enim
971 4019 1122 4094 tractas,
1154 4034 1242 4094 qnos
1271 4034 1307 4077 ec
1335 4015 1475 4094 eprepia

248 4121 321 4184 eins
341 4124 493 4187 editione
507 4125 743 4205 Antkotopiae
751 4144 991 4205 perceperam,
1016 4123 1113 4186 nand
1131 4121 1350 4184 mediocriter
1364 4121 1471 4199 canit,

247 4248 323 4290 eam
351 4232 495 4311 ropanti
521 4232 610 4294 milei
630 4236 844 4311 apparatam
866 4231 1025 4295 criticam
1047 4230 1342 4310 epiprammatam
1363 4228 1474 4290 Simo·

247 4335 430 4399 nideoram
466 4338 504 4400 in
546 4338 771 4419 Antkotopiis
804 4340 1003 4415 oboiornrn,
1042 4356 1131 4416 qnae
1156 4336 1315 4398 nondam
1344 4336 1471 4413 edidit,

247 4441 388 4505 comiter
420 4444 609 4521 commisit,
641 4448 673 4507 et
701 4445 793 4508 alias
822 4463 962 4524 qnoqae
991 4443 1210 4524 quaestiones
1238 4445 1286 4505 ad
1307 4443 1474 4504 Anthel-

246 4546 344 4624 piam
360 4549 573 4628 pertinentes
593 4552 723 4615 sotcere
743 4551 863 4614 coluit.

289 4701 367 4762 Soa.
391 4703 651 4764 Aasmconsm

334 4826 367 4859 m.
386 4809 466 4860 Junio
484 4809 603 4862 MCMV.
