3572 5716
777 499 835 564 aaa
1204 500 1223 585 ε
1248 503 1321 584 130,
1347 504 1414 568 131.

191 689 260 750 Non
283 688 387 749 solum
409 708 479 766 epp.
504 689 542 750 99
564 717 603 739 =
624 691 686 751 ΑΡ.
708 693 779 750 VII.
804 693 860 751 251
883 693 915 750 in
938 693 1073 752 disticho
1095 694 1197 769 primo
1219 698 1347 754 secutus
1369 699 1417 755 est

191 791 315 863 auctor,
347 789 404 847 sed
432 788 610 848 vicinorum
638 806 767 864 quoque
793 792 1059 865 epigrammatum
1088 793 1257 852 memorias
1284 795 1416 852 carmini

190 886 365 945 inseruisse
391 886 517 944 videtur
538 905 568 944 v.
590 887 608 944 4
630 884 822 963 ἱπποσύνας,
854 906 884 946 v.
907 889 924 946 7
946 890 1149 964 epanalepsin
1172 888 1243 959 ἄξια
1266 925 1302 932 -
1325 890 1413 968 ἄξια,

191 1003 220 1043 v.
244 983 262 1044 9
291 983 475 1062 φθιμένων,
507 1001 590 1058 quae
617 988 791 1045 occurrunt
818 986 927 1044 eadem
956 1004 1071 1046 versus
1100 989 1175 1047 sede
1201 990 1233 1046 in
1255 1007 1326 1064 epp.
1350 991 1413 1050 ΑΡ.

190 1082 259 1140 VII.
295 1081 387 1158 254,2
424 1081 594 1158 (Simonid.
632 1081 717 1157 108);
753 1083 845 1158 2553
877 1084 1077 1159 epanalepsis
1108 1089 1197 1163 χαῖρε
1227 1121 1266 1128 -
1297 1085 1417 1165 χαίρετε

192 1178 378 1256 (Platonis);
412 1179 503 1255 255,3
536 1179 721 1256 (Aeschyli).
758 1181 1018 1240 concludendum
1050 1182 1227 1259 igiturest
1254 1187 1415 1245 auctorem

191 1277 352 1336 materiem
375 1277 525 1352 petivisse
545 1296 584 1337 ex
604 1279 794 1354 Anthologia
815 1279 955 1353 quadam
978 1279 1178 1355 Cephalanae
1198 1286 1333 1358 cognata
1351 1285 1371 1342 i.
1386 1301 1413 1343 e.

190 1392 227 1433 ex
249 1375 375 1434 Corona
397 1375 582 1450 Meleagrea.

228 1473 256 1530 2.
302 1472 442 1531 Imitatio
469 1473 708 1548 epigrammatis
738 1474 795 1533 128
823 1476 856 1532 in
884 1475 1092 1550 inscriptione
1112 1476 1176 1536 Coa
1198 1496 1248 1554 ap.
1274 1480 1415 1538 Paton-

191 1571 298 1628 Hicks
324 1570 536 1645 Inscriptions
554 1571 588 1629 ot
605 1571 667 1630 Oos
686 1571 761 1646 324,
786 1573 899 1631 aetatis
918 1574 1089 1633 Romanae.
1114 1576 1416 1637 Animadverterunt

189 1668 395 1727 imitationem
412 1668 565 1743 editores,
587 1669 624 1726 Ε.
643 1668 792 1727 Ziebarth
811 1668 922 1727 Philol.
941 1670 988 1728 54.
1008 1670 1084 1730 1895
1103 1690 1133 1747 p.
1150 1673 1223 1748 149,
1243 1675 1292 1732 W.
1311 1676 1415 1734 Head-
1519 1656 1521 1662 Ι

188 1765 250 1824 lam
273 1767 375 1826 Clusa.
401 1767 478 1824 Rev.
504 1766 551 1824 14.
578 1764 655 1825 1900
676 1784 707 1841 p.
733 1767 760 1824 7.
793 1767 1093 1843 Rditurinscriptio
1114 1769 1174 1829 sic:
1218 1811 1227 1822 .

430 1861 523 1941 Δάμα
545 1862 659 1943 χρηστὲ
679 1868 782 1944 χαῖρε·
979 1880 982 1886 ·

226 1963 257 2023 οῖ
276 1984 318 2040 με
339 1960 538 2040 ὑπεριδόντες
559 1960 724 2041 ὁμότεχνοι
744 1966 808 2023 τῶν
829 1961 935 2023 αὐτῶν
956 1967 1026 2034 σεῦ,
1047 1961 1159 2042 πάτερ,
1182 1963 1395 2044 ἀντιτύχοισαν

430 2059 461 2120 οἱ
481 2058 510 2120 θ’
528 2058 592 2120 ὑπὸ
614 2065 672 2139 γῆν
692 2059 800 2128 θέντες
820 2060 944 2122 ὄναεντο
965 2061 1045 2139 βίον.

188 2159 320 2234 Appono
341 2176 390 2233 ep.
417 2159 474 2218 128
494 2185 534 2208 =
555 2145 623 2218 ΑΡ.
638 2160 709 2218 VII.
734 2159 807 2220 516:

388 2254 418 2315 οἱ
437 2253 497 2333 μὲν
517 2254 573 2334 ε’μὲ
594 2255 764 2324 κτείναντες
785 2254 908 2333 ὁμοίων
930 2255 1117 2335 ἀντιτύχοιεν

427 2351 490 2414 Ζεῦ
512 2353 597 2424 ξένε’,
620 2353 650 2414 οἱ
671 2352 700 2413 θ’
718 2351 782 2413 ὑπὸ
804 2357 862 2432 γᾶν
882 2352 990 2421 θέντες
1011 2353 1135 2414 dvalmo
1155 2353 1236 2431 βίον.

189 2453 281 2511 Recte
313 2451 391 2510 vidit
411 2452 572 2511 .Ziebarth
605 2454 766 2511 mortuum
802 2451 912 2510 ‘fuisse
940 2453 1078 2511 invidiae
1106 2453 1162 2528 iis,
1197 2454 1253 2527 qui
1281 2456 1413 2514 eandem

188 2551 282 2624 atque
301 2549 371 2624 ipse
391 2549 619 2624 profiterentur
640 2552 757 2624 artem,
783 2552 880 2624 atque
900 2549 974 2608 “ein
993 2549 1092 2625 Opler
1109 2551 1165 2609 der
1184 2551 1411 2612 Concurrenz''

188 2647 305 2707 lactum
327 2645 420 2705 esse’.
448 2646 510 2707 Sed
532 2664 635 2721 neque
656 2647 823 2723 intellexit,
849 2648 921 2722 quis
935 2649 1097 2724 loquatur,
1122 2666 1225 2724 neque
1239 2652 1414 2712 editoribus

188 2747 335 2804 assentiri
357 2745 466 2804 debuit
488 2745 717 2804 annotantibus
743 2745 880 2822 ‘epitaph
902 2764 989 2822 upon
1011 2765 1029 2806 a
1051 2747 1185 2807 iather's
1207 2748 1329 2824 grave'.
1365 2753 1414 2809 Ex

188 2845 331 2903 vocativo
351 2842 449 2922 πάτερ
470 2847 603 2920 apparet
623 2845 775 2920 appellari
796 2848 966 2920 quendam.
992 2847 1041 2903 Ex
1056 2847 1244 2920 pronomine
1259 2866 1414 2923 personae

187 2942 306 3014 primae
326 2963 368 3018 με
388 2943 533 3016 sequitur
555 2945 717 3001 mortuum
738 2944 845 3018 ipsum
866 2944 1048 3018 loquentem
1069 2944 1186 3003 induci.
1222 2947 1309 3022 Ergo
1331 2964 1413 3006 mor·

186 3039 260 3096 tuus
282 3040 443 3113 quendam
465 3041 600 3115 appellat
622 3041 722 3115 patris
744 3043 881 3100 nomine.
906 3043 1020 3116 Itaque
1041 3044 1131 3116 pater
1148 3042 1199 3100 ille
1216 3060 1281 3102 non
1300 3045 1327 3103 is
1345 3049 1409 3121 est,

186 3136 239 3210 qui
268 3137 413 3212 sepultus
440 3140 497 3196 est.
532 3139 571 3195 In
596 3137 778 3197 Simonideo
799 3133 1029 3215 epigrammate
1050 3140 1192 3199 subiecto
1214 3143 1307 3201 etiam
1330 3161 1412 3202 mor-

186 3235 260 3292 tuus
281 3236 442 3309 quendam
464 3236 637 3310 alloquitur
658 3253 701 3296 sc.
726 3238 851 3296 iovem.
876 3239 989 3297 Nonne
1003 3239 1140 3297 eundem
1157 3241 1274 3299 Damas
1290 3244 1412 3316 patrem

159 3324 161 3327 ’
186 3333 321 3407 appellat
350 3333 619 3408 scribendumque
643 3338 691 3392 est
717 3331 795 3393 Ζεῦ
816 3333 931 3412 πάτερ,
963 3353 1021 3410 pro
1042 3353 1107 3410 quo
1127 3337 1262 3411 lapicida
1283 3347 1412 3414 propter

186 3430 476 3502 pronuntiationem
497 3431 692 3489 consimilem
713 3432 891 3490 litterarum
913 3453 932 3492 o
952 3435 983 3490 et
1005 3431 1023 3502 ζ
1046 3431 1099 3509 (cl.
1121 3424 1332 3493 Meisterh'ans
1354 3436 1408 3495 Gr.

185 3526 245 3586 Att.
270 3527 415 3587 Inschr.³
436 3546 466 3603 p.
482 3528 534 3604 88,
559 3527 591 3604 8)
615 3546 782 3604 perperam
805 3530 935 3590 dederat
957 3527 989 3588 Σ
994 3533 1035 3589 εὖ
1056 3529 1176 3607 πάτερὲ
1199 3533 1294 3590 Recte
1314 3533 1411 3606 igitur

186 3641 219 3683 se
245 3626 341 3685 habet
368 3627 490 3706 primae
517 3643 673 3701 personae
700 3644 877 3702 pronomen
899 3649 940 3705 με
961 3646 1000 3686 ex
1023 3627 1206 3687 Simonideo
1228 3632 1407 3706 servatum,

185 3724 285 3799 quod,
317 3725 353 3781 ut
381 3741 452 3782 cum
484 3723 692 3799 ‘pronomine'
723 3727 777 3784 σεῦ
805 3728 1004 3801 conveniret,
1035 3726 1074 3784 de
1101 3727 1281 3786 coniectura
1312 3727 1408 3787 Sako-

184 3818 303 3878 lowslrii
332 3822 364 3879 in
393 3842 427 3881 σε
455 3822 590 3881 mutavit
619 3822 779 3881 Ziebarth.
816 3824 855 3880 In
877 3824 1106 3899 epigrammate
1126 3824 1196 3898 ipso
1218 3823 1315 3882 verba
1336 3825 1411 3884 facit

184 3921 347 3994 mortuuS,
369 3919 549 3978 valedicunt
566 3922 673 3978 autem
693 3921 812 3978 Damae
829 3921 954 3979 sodales
975 3917 1083 3996 (Λάμα
1099 3919 1213 3998 χρηστὲ
1228 3920 1330 4000 χαῖρε)
1343 3919 1406 3998 1⁷0).

185 4015 292 4074 Versio
321 4017 493 4075 Ziebarthii
521 4017 566 4076 sic
594 4016 692 4092 igitur
717 4017 905 4092 corrigenda
926 4019 988 4076 est:
1016 4017 1137 4076 ‘Valeas
1158 4019 1276 4092 optime
1297 4021 1407 4079 Dama.
1431 4076 1436 4092 ,

184 4111 244 4180 Qui
265 4131 316 4172 me
339 4115 383 4189 (te
404 4113 455 4190 Z.)
479 4117 739 4189 contempserunt
758 4115 915 4174 sodalium
933 4116 993 4174 mei
1015 4115 1074 4192 (tui
1093 4114 1144 4191 Z.)
1166 4117 1302 4193 collegii,
1326 4118 1408 4177 idem

184 4211 359 4287 patiantur,
389 4213 516 4287 Jupiter
544 4214 633 4288 pater
664 4211 714 4290 (ac
741 4215 777 4271 tu
804 4215 893 4288 pater
915 4212 984 4288 Z.);
1013 4215 1070 4289 qui
1091 4216 1197 4273 autam
1219 4233 1269 4274 me
1291 4215 1335 4292 (te
1356 4215 1408 4292 Z.)

183 4307 266 4367 iusto
287 4308 401 4367 funere
421 4309 614 4385 affecerunt,
639 4310 734 4385 longa
756 4311 821 4369 vita
842 4309 1016 4370 fruantur’.

222 4405 250 4464 3.
295 4406 435 4466 Imitatio
461 4408 604 4466 eiusdem
632 4426 680 4483 ep.
708 4407 765 4468 128
792 4409 825 4467 in
854 4410 950 4468 inscr.
975 4410 1087 4468 aetatis
1116 4411 1278 4470 Romanae
1304 4412 1409 4471 Panti-
1523 4429 1530 4455 ··

184 4504 289 4578 capaci
318 4506 458 4579 reperta,
490 4504 573 4564 edita
601 4506 633 4588 in
664 4503 820 4565 *‘Recueil
842 4507 898 4565 des
920 4507 1132 4581 publicatione
1154 4508 1193 4566 de
1213 4510 1243 4568 la
1265 4511 1409 4569 commis-

184 4647 343 4655 ——-——-

213 4725 260 4789 170)
296 4728 393 4778 Eadem
417 4729 490 4778 tituli
513 4734 595 4793 atque
618 4731 816 4794 epigrammatis
838 4732 955 4780 condicio
978 4737 1052 4780 extat
1074 4747 1122 4796 eg.
1146 4733 1173 4781 in
1197 4747 1236 4796 ep.
1254 4731 1303 4781 998
1321 4733 1409 4784 Kaio:

181 4805 251 4876 Ἰόπη
268 4808 371 4877 χρηστὴ
389 4817 473 4877 χαῖρε.
495 4813 500 4875 l
528 4811 570 4867 Τίς
587 4810 685 4878 τούμὸν
702 4811 830 4880 δύστηνον
847 4811 889 4864 ἐπ’
905 4812 1005 4880 οὔνομα
1022 4813 1111 4882 γράψε
1129 4812 1157 4865 τὸ
1174 4821 1251 4882 χαῖρε
1257 4835 1266 4878 ;
1286 4815 1342 4867 κτλ.
