3546 5724
411 497 486 572 Cap.¹
512 498 537 559 1.
1014 497 1032 557 6

451 682 522 760 §ia
567 700 592 742 c.
639 683 779 742 Kaibel
815 681 1635 758 1111111116.187664376111116.18921196)

411 799 513 856 neque
539 781 636 840 verba
658 780 721 850 ἔξω
744 813 782 824 -
804 779 985 858 ἕπίγρα,11μα
1007 781 1147 839 eicienda
1171 783 1277 838 censet
1299 798 1403 854 neque
1423 781 1455 838 in
1478 781 1516 839 iis
1538 781 1637 839 effen·

410 880 496 938 ditur
518 879 716 952 accusativo,
741 896 834 953 quem
854 897 893 937 ex
911 879 1057 938 liberiore
1077 881 1238 938 structura
1257 878 1480 953 explicandum
1499 878 1634 953 iudicat,

410 995 484 1036 nam
516 976 759 1036 ‘obversabatur
789 977 935 1051 scriptori
956 977 1019 1035 iam
1041 976 1119 1034 illud
1141 976 1226 1050 quod
1250 975 1357 1035 statim
1379 976 1524 1050 sequitur
1547 993 1636 1034 veca-

411 1076 520 1134 bulum
553 1072 758 1152 r’mypdpre·’.
795 1075 884 1142 Quae
915 1074 1056 1149 exceptio
1090 1075 1149 1132 hac
1177 1074 1333 1132 sententia
1362 1074 1563 1150 significatur
1591 1090 1634 1132 sc.

410 1173 656 1248 Amphictyones
685 1165 749 1232 11611
778 1172 894 1247 1111666,
926 1173 981 1246 qui
1009 1175 1112 1231 vatem
1134 1172 1226 1230 titulo
1247 1175 1473 1246 exornassent,
1505 1171 1637 1230 candem

410 1271 571 1330 continere
608 1275 714 1330 censet
751 1272 882 1330 alteram
920 1269 1094 1328 sententiae
1129 1271 1251 1344 partem
1289 1270 1405 1328 scilicet
1443 1269 1637 1328 Simonidem

410 1369 526 1442 fuisse,
562 1369 617 1443 qui
650 1370 731 1427 vatis
763 1370 891 1444 cippum
924 1368 1063 1427 carmine
1095 1368 1329 1426 exornavisset:
1362 1364 1396 1425 ro
1427 1370 1482 1426 red
1511 1364 1638 1444 μάντιος

412 1465 469 1542 (66.
491 1463 687 1544 ἐπίγραμμα)
705 1463 889 1544 Σιμωνίδης
907 1463 967 1526 ἐστὶ
987 1463 1004 1524 ὁ
1023 1462 1210 1543 ἐπιγράψας.
1236 1465 1296 1523 Η16
1315 1465 1421 1523 verbis
1440 1465 1637 1524 Herodotum

411 1564 593 1640 significare
623 1564 730 1622 lfaibel
758 1566 848 1638 putat
873 1563 1066 1622 Simonidem
1088 1567 1119 1622 ct
1141 1563 1320 1621 condidisse
1341 1580 1469 1622 carmen
1491 1566 1520 1621 'et
1541 1563 1637 1638 lapidi

409 1661 648 1720 inscribendum
678 1679 818 1720 curasse.
854 1662 915 1729 Qui
944 1661 1013 1719 fieri
1042 1661 1199 1735 potuerit,
1235 1663 1270 1719 ut
1301 1660 1480 1720 Simonides
1509 1661 1637 1736 cippum

411 1777 474 1818 nen
508 1759 576 1834 ipse
607 1759 754 1834 posuisse
785 1759 925 1832 dicatur,
962 1759 1007 1818 616
1038 1759 1172 1834 explicat
1206 1777 1288 1833 v.c.,
1324 1764 1360 1817 ut
1392 1759 1637 1833 Amphictyones

412 1865 520 1932 poetae
542 1858 636 1932 pilam
660 1857 808 1916 decresse
830 1857 1008 1916 videantur.
1035 1857 1143 1916 Kaibel
1162 1858 1244 1916 hane
1263 1857 1348 1915 dedit
1366 1857 1425 1916 leci
1445 1857 1636 1915 versionem:

414 1954 477 2013 ‘fiir
509 1955 713 2031 Epigramme
745 1956 811 2013 und
845 1955 1033 2014 Grabmiiler
1065 1959 1193 2030 sergten
1227 1955 1277 2013 die
1310 1955 1447 2030 Amph,
1486 1972 1549 2013 nur
1580 1955 1638 2012 das

412 2054 597 2130 Epigramm
619 2054 671 2112 fiir
694 2054 774 2128 Meg.
799 2053 868 2112 hat
896 2053 1129 2112 Simonides
1157 2053 1345 2128 gemacht
1373 2053 1453 2111 und
1481 2053 1550 2111 auf
1575 2052 1638 2109 die

411 2169 486 2210 ven
513 2152 737 2210 denselben
763 2151 896 2226 Amph.
926 2152 1177 2226 geschenkte
1206 2151 1317 2210 Steie
1343 2149 1637 2210 auischrciben

410 2250 566 2323 lassen,
591 2250 658 2308 weil
679 2249 736 2308 der
760 2249 859 2308 Seher
880 2249 958 2308 sein.
971 2249 1166 2308 Gastfreund
1190 2266 1333 2324 gewesen
1355 2246 1443 2308 war’.

451 2347 540 2414 Quae
561 2347 778 2422 interpretatio
800 2363 996 2421 quamquam
1018 2348 1105 2405 haud
1127 2364 1242 2421 parum
1264 2347 1425 2406 laudanda
1443 2349 1507 2421 661,
1532 2349 1637 2405 tamen

412 2463 475 2503 nen
508 2445 548 2504 ab
580 2445 666 2504 omni
697 2448 787 2520 parte
818 2445 895 2503 mihi
927 2446 1111 2504 satisfacere
1143 2446 1255 2520 petest.
1291 2444 1380 2503 Mitto
1412 2445 1498 2518 quod
1531 2444 1639 2503 Kaibel

413 2542 509 2601 verbe
541 2540 724 2620 ἐπιγράφειν
755 2546 784 2602 61
816 2544 976 2603 notionem
1008 2543 1246 2619 epigrammatis
1279 2542 1435 2601 condendi
1467 2543 1578 2600 tribuit
1609 2546 1638 2602 61

412 2641 490 2699 illud
519 2641 758 2700 inscribendum
788 2642 932 2700 curandi.
964 2642 1064 2700 Multo
1092 2641 1222 2718 gravier
1250 2642 1348 2700 altera
1376 2640 1550 2699 difficultas
1578 2643 1634 2699 est.

414 2739 539 2797 Etenim
568 2757 637 2798 mos
665 2741 729 2813 est,
761 2741 796 2797 ut
824 2740 868 2813 16,
900 2739 955 2813 qui
983 2740 1132 2798 defuncte
1160 2743 1403 2798 monumentum
1434 2741 1568 2813 statuat,
1600 2739 1639 2796 de

412 2855 471 2896 sue
507 2839 536 2895 61
571 2837 700 2912 cippum
735 2841 896 2912 comparet
931 2842 960 2897 et
995 2837 1234 2912 inscriptionem
1270 2837 1505 2896 inscribendam
1538 2840 1635 2897 curet.

413 2936 489 2994 Rem
520 2939 625 2994 autem
648 2935 730 2994 hane
752 2935 908 2994 habemus
930 2936 1107 2995 mirabilem
1131 2935 1271 2993 Kaibelie
1292 2939 1436 3010 61161616,
1468 2937 1553 3010 qued
1576 2936 1638 3010 pila

411 3035 495 3091 done
526 3033 619 3091 detur
650 3033 694 3107 ei,
730 3034 785 3108 qui
817 3035 1014 3109 epigramma
1036 3035 1067 3092 in
1100 3051 1136 3092 ea
1167 3033 1303 3108 insculpi
1335 3035 1450 3092 iubeat.
1486 3034 1548 3102 Qui
1580 3035 1639 3093 hec

412 3130 480 3188 11611
516 3131 636 3206 possit,
675 3149 739 3189 nen
770 3131 927 3206 intellege.
973 3131 1112 3190 Kaibelio
1143 3131 1242 3206 igitur
1273 3131 1479 3191 indicandum
1511 3132 1635 3206 fuerat,

412 3227 570 3302 quomedo
605 3232 634 3287 61
670 3229 956 3305 Amphictyonibus
992 3229 1115 3288 occasio
1150 3229 1224 3287 data
1260 3232 1343 3287 esset
1378 3229 1533 3288 Simonidi
1564 3229 1638 3287 doni

412 3326 566 3385 efferendi
588 3329 618 3385 et
640 3327 714 3385 huic
735 3327 775 3385 ab
796 3327 857 3385 illis
880 3326 1062 3401 accipiendi.

452 3424 526 3481 Viro
556 3425 593 3482 el.
630 3424 828 3482 Herodotum
860 3423 986 3482 tradere
1019 3424 1118 3482 videri
1152 3424 1347 3482 Simonidem
1380 3425 1545 3503 Megistiae
1575 3425 1638 3499 epi·

413 3522 599 3596 grammatis
631 3539 701 3580 esse
732 3525 895 3580 auctorem
927 3522 989 3580 iam
1018 3522 1093 3580 dixi.
1129 3522 1209 3590 Quis
1231 3525 1336 3581 autem
1358 3526 1461 3581 cetera
1483 3523 1639 3599 epigram-

414 3621 496 3676 mata
518 3619 765 3695 composuisset,
791 3620 989 3678 Herodotum
1012 3620 1163 3679 nesciisse
1181 3624 1288 3695 putat,
1315 3620 1380 3694 vel,
1406 3623 1441 3679 ut
1459 3622 1639 3680 accuratius

413 3717 601 3776 sententiam
630 3735 721 3776 suam
751 3719 879 3792 exponit
909 3736 969 3777 v.e.
1002 3719 1033 3776 in
1061 3719 1235 3793 posteriorc
1256 3719 1535 3794 commentatione,
1566 3737 1639 3778 eum

413 3817 564 3874 nesciisse
593 3817 788 3875 Simonidem
810 3819 986 3875 ceterorum
1009 3834 1137 3891 queque
1158 3817 1423 3892 epigrammatum
1445 3817 1546 3876 fuisse
1567 3836 1640 3877 auc-

412 3917 529 3989 torem,
545 3909 609 3973 6111
631 3914 691 3972 61111
714 3931 904 3989 persuasum
924 3915 1076 3972 habuisse
1096 3914 1291 3973 Simonidem
1309 3931 1346 3973 ea
1364 3932 1428 3973 nen
1447 3915 1636 3974 condidisse.

416 4011 587 4070 ‘Herodoto
615 4016 721 4071 autem
749 4012 788 4070 de
816 4013 875 4071 hac
904 4030 938 4070 16
965 4013 1038 4088 plus
1065 4013 1145 4071 scire
1166 4030 1223 4072 1166
1246 4015 1367 4071 veteres
1388 4017 1561 4088 potuerunt
1583 4032 1641 4073 1166

413 4127 471 4166 1166
493 4110 606 4183 epiuor
628 4107 827 4185 possumus)

455 4206 649 4265 Simonidem
668 4208 831 4284 Megistiae
848 4208 1087 4283 epigrammatis
1105 4225 1176 4267 6666
1195 4212 1355 4268 auctorem
1376 4209 1506 4268 Kaibelii
1524 4209 1640 4268 iudicio

414 4321 476 4362 non
510 4323 644 4380 prorsus
677 4308 815 4364 constat:
849 4306 931 4364 ‘cum
956 4306 1128 4365 Simonidis
1151 4324 1266 4365 nomen
1288 4324 1351 4365 nen
1374 4307 1518 4366 additum
1540 4307 1641 4366 fuisse

413 4404 534 4460 certum
566 4403 606 4460 sit
637 4436 676 4444 —
709 4421 772 4462 nen
805 4404 890 4462 enim
921 4405 1129 4464 nominantur
1158 4407 1268 4479 poetae
1295 4405 1328 4463 in
1357 4405 1573 4464 monumentis
1601 4439 1640 4448 -

413 4499 472 4557 hec
498 4501 674 4575 nescimuS,
707 4501 792 4559 unde
815 4500 997 4560 Herodotus
1022 4501 1215 4560 Simonidem
1239 4503 1321 4561 vatis
1343 4502 1493 4578 epitaphii
1515 4506 1639 4578 poetam

413 4597 574 4672 cognitum
597 4597 765 4658 habuerit’.

455 4694 524 4770 §a
571 4695 603 4755 d.
649 4698 799 4772 Preger
832 4695 884 4772 (20
913 4715 943 4771 p.
977 4697 1013 4756 16
1045 4723 1083 4745 =
1114 4698 1191 4756 diss.
1223 4716 1253 4773 p.
1286 4698 1303 4757 6
1333 4697 1409 4775 sq.).
1457 4700 1517 4758 Hic
1545 4718 1574 4758 v.
1606 4700 1637 4758 d.

414 4793 629 4852 Kaibelianam
665 4795 977 4870 interpretationem,
1016 4796 1047 4854 111
1084 4796 1182 4855 611616
1218 4797 1391 4855 sententiae
1422 4799 1512 4871 parte
1543 4797 1640 4856 centi-
