3546 5724
412 502 487 577 Gap.
514 503 539 562 1.
1005 505 1043 565 28

451 693 531 750 Tum
564 694 670 751 autern
702 691 789 750 nulla
820 694 922 766 potest
954 695 1062 752 extare
1093 693 1265 768 dubitatio,
1301 694 1379 767 quin
1407 694 1440 752 in
1468 695 1633 754 traditione

413 789 570 864 Spartana
603 789 763 864 genuinus
794 789 1060 865 epigrammatum
1091 793 1197 849 textus
1229 794 1377 850 servatus
1408 792 1448 850 sit
1470 789 1521 866 ⁴4).
1567 794 1631 851 Iam

411 888 456 947 sic
482 888 721 948 demonstratur
752 921 787 928 -
815 888 864 961 id,
895 888 980 962 quod
1010 888 1079 946 aliis
1108 906 1236 963 quoque
1262 890 1459 964 argumentis
1482 890 1632 964 probatur

412 984 465 1061 (ci.
502 984 522 1062 ξ
554 986 592 1044 44
624 983 712 1060 sqq.)
746 1019 783 1027 -
815 986 1053 1062 epigrammatis
1088 986 1126 1045 92
1161 987 1363 1054 traditionem
1398 987 1531 1046 alteram
1566 1005 1633 1046 csse

411 1083 625 1142 recentiorem.

450 1181 541 1250 Quod
565 1182 624 1240 tria
645 1181 697 1240 illa
718 1182 947 1257 epigrammata
969 1186 1103 1242 aetatem
1126 1185 1284 1259 tulerunt,
1317 1201 1404 1242 mero
1425 1184 1513 1242 casui
1535 1184 1632 1242 tribu·

409 1280 527 1338 endum
548 1283 605 1337 est.
642 1279 676 1338 Si
697 1280 729 1339 in
752 1280 953 1338 traditionem
977 1281 1168 1355 Spartanam
1191 1299 1255 1340 non
1277 1281 1500 1356 transiissent,
1533 1299 1633 1356 neque

412 1377 571 1435 Herodoto
600 1381 726 1451 praesto
754 1378 890 1437 inissent
919 1396 1022 1454 neque
1051 1379 1143 1438 nobis
1165 1383 1370 1455 superessent
1394 1379 1536 1455 (excepta
1559 1397 1633 1438 sane

406 1459 582 1534 ¹recentiore
603 1477 704 1534 [orma
726 1476 964 1551 epigrammatis
986 1476 1049 1551 92).
1078 1477 1321 1552 Thespiensium
1343 1479 1448 1536 autem
1471 1477 1633 1535 Thebano·

410 1591 546 1648 rumque
559 1576 787 1649 epigrammata
802 1561 1007 1649 interierunt,
1032 1593 1103 1634 cum
1120 1576 1224 1649 nulla,
1246 1576 1390 1649 inquam
1407 1575 1629 1649 reciperentur,

409 1671 550 1730 extitisse
579 1673 723 1730 videatur
752 1672 896 1746 traditio,
931 1675 985 1730 aut
1015 1673 1041 1731 si
1069 1691 1222 1748 umquam
1251 1672 1368 1746 extitit,
1403 1672 1512 1730 nulius
1540 1673 1633 1731 fuerit

409 1769 561 1844 scriptor,
592 1769 646 1842 qui
675 1787 711 1828 ea
739 1787 820 1827 usus
849 1771 898 1827 sit.
934 1771 1163 1845 Antiquissima
1191 1774 1296 1828 autem
1325 1769 1376 1828 ilia
1406 1770 1533 1828 traditio
1555 1771 1633 1828 redit

408 1867 449 1925 ad
470 1868 590 1941 lapides
612 1868 709 1941 ipsos.
734 1868 821 1926 Haec
843 1869 922 1926 solet
943 1887 1013 1927 esse
1036 1870 1101 1944 via,
1125 1887 1188 1944 qua
1211 1868 1297 1944 apud
1319 1867 1514 1943 antiquiores
1536 1869 1632 1942 serip-

409 1968 492 2023 tores
526 1965 758 2040 (Herodotum,
794 1966 1031 2041 Thucydidem,
1066 1967 1252 2042 Ephorum,
1287 1964 1379 2041 alios)
1412 1966 1633 2040 inscriptiones

409 2063 566 2137 genuinae
598 2067 743 2122 servatae
775 2062 848 2121 sint.
885 2065 954 2122 Non
987 2065 1046 2139 ipsi
1079 2066 1226 2124 accedere
1255 2064 1357 2123 solent
1385 2064 1425 2122 ad
1454 2081 1629 2137 marmora,

370 2177 372 2184 ⁸
408 2177 511 2234 neque
542 2162 785 2236 inscriptionum
815 2162 945 2237 syllogis
975 2166 1126 2237 utuntur,
1162 2163 1217 2220 sed
1246 2163 1400 2222 hauriunt
1428 2180 1444 2220 e
1472 2161 1629 2234 fontibus,

301 2311 315 2324 .
408 2259 462 2333 qui
495 2262 534 2319 ad
567 2262 771 2318 monumenta
803 2260 872 2333 ipsa
906 2260 1056 2318 refluunt.
1092 2261 1183 2319 Tales
1216 2261 1366 2335 antiquae
1393 2261 1578 2319 traditiones
1607 2259 1632 2317 si

408 2375 471 2416 non
501 2359 668 2432 extabant,
699 2358 928 2433 epigrammata
956 2359 1026 2433 ipsa
1053 2359 1148 2417 exitio
1175 2359 1313 2432 denique
1340 2359 1496 2418 destinata
1523 2360 1630 2430 erant,

408 2456 469 2513 nisi
498 2457 578 2514 forte
605 2457 837 2531 posterioribus
864 2457 999 2515 saeculis
1021 2476 1038 2515 a
1061 2458 1220 2532 periegeta
1241 2459 1378 2532 quodam
1401 2458 1434 2515 in
1456 2456 1632 2529 inscriptio·

408 2570 485 2611 num
519 2554 661 2629 syllogen
691 2557 815 2628 recepta
844 2560 929 2613 sunt.
964 2556 1034 2623 Qua
1063 2556 1114 2614 via
1142 2555 1366 2630 inscriptiones
1393 2556 1433 2614 ad
1463 2555 1632 2628 scriptores

364 2659 366 2663 '
408 2652 626 2727 pervenerint,
658 2670 752 2727 saepe
773 2652 865 2727 latet,
896 2654 951 2711 sed
975 2671 1217 2727 nonnumquam
1239 2671 1275 2712 ea
1297 2654 1429 2712 indicari
1450 2655 1569 2727 potest,
1598 2653 1633 2709 ut

407 2749 439 2806 in
457 2749 782 2824 Thermopylensibus
799 2751 1037 2825 epigrammatis
1057 2752 1195 2810 vidimus
1213 2757 1243 2811 et
1261 2753 1293 2811 in
1311 2752 1380 2811 aliis
1397 2751 1507 2826 paucis
1524 2753 1633 2826 postea

408 2848 586 2906 videbimus
607 2846 657 2923 45).
688 2849 757 2908 Hoc
778 2851 902 2908 constat
923 2851 1152 2925 epigrammata
1174 2849 1456 2925 Thermopylensia
1478 2848 1514 2907 91
1538 2850 1634 2922 atque

407 2946 444 3004 94
474 2948 503 3004 et
531 2946 769 3020 epigrammatis
798 2947 836 3006 92
864 2948 1000 3006 formam
1030 2947 1234 3006 vetustiorem
1263 2948 1303 3006 ad
1330 2965 1388 3006 nos
1411 2950 1546 3005 ventura
1569 2963 1633 3004 non

407 3043 522 3117 iuisse,
548 3043 609 3101 nisi
631 3047 754 3118 recepta
776 3045 962 3103 fuissentin
982 3046 1182 3104 traditionem
1204 3045 1406 3119 Spartanam.
1432 3045 1511 3102 Nam
1530 3046 1633 3102 cetera

406 3142 585 3200 testimonia
605 3140 743 3216 (praeter
763 3143 967 3201 recentiorem
986 3144 1120 3201 formam
1140 3143 1379 3217 epigrammatis
1398 3140 1450 3217 92)
1472 3142 1512 3200 ad
1530 3157 1632 3198 unum

406 3239 512 3297 omnia
534 3239 574 3296 ad
599 3239 793 3297 Herodotum
817 3257 981 3298 recurrere
1002 3243 1111 3314 postea
1134 3240 1323 3298 videbimus.

448 3335 467 3411 ᾖ
493 3336 538 3395 19.
584 3334 635 3396 De
656 3336 921 3414 epiprcmmatis
941 3340 1037 3398 statu
1061 3337 1273 3415 temporibus
1294 3335 1497 3398 Simonidis.
1539 3338 1633 3396 Trac-

406 3435 502 3493 tanda
531 3453 618 3494 nunc
646 3435 737 3494 nobis
767 3437 844 3495 haec
871 3437 1015 3510 quaestio
1040 3439 1104 3511 cst,
1136 3437 1191 3510 qui
1212 3436 1436 3511 explicandum
1458 3436 1513 3509 sit,
1546 3435 1634 3508 quod

405 3533 437 3590 in
469 3532 639 3591 traditione
670 3534 710 3592 ab
742 3534 904 3594 Herodoto
936 3535 1058 3609 prolata
1092 3534 1271 3593 Simonides
1304 3552 1369 3593 non
1400 3533 1543 3592 omnium
1569 3533 1633 3607 epi·

406 3634 621 3705 grammatum
644 3633 692 3690 vei
713 3632 823 3691 saltem
845 3633 1009 3708 Megistiae
1030 3633 1180 3692 carminis
1198 3633 1307 3708 poeta
1327 3632 1464 3690 traditus
1486 3632 1543 3705 sit,
1576 3630 1633 3689 sed

405 3730 529 3787 tautum
552 3731 648 3788 unius
671 3730 887 3804 inscriptionis
908 3731 940 3788 iu
964 3734 1068 3788 vatem
1091 3728 1280 3789 dedicator.
1306 3730 1482 3804 Explicatio
1497 3728 1634 3803 petenda

405 3829 453 3885 est
468 3827 550 3901 inde,
569 3828 654 3902 quod
669 3828 717 3902 iis,
736 3827 855 3901 quibus
871 3831 1076 3887 monumenta
1089 3828 1371 3902 Thermopylensia
1387 3832 1462 3886 sunt
1474 3830 1630 3899 extructa,

405 3926 618 4001 temporibuS,
643 3927 675 3984 in
696 3925 960 4000 inscriptionibus
982 3927 1049 3984 sive
1070 3927 1229 3985 donativis
1252 3927 1319 3984 sive
1340 3926 1530 3985 funebribus
1547 3924 1633 3982 dedi·

405 4024 515 4082 candis
541 4025 568 4081 is
591 4025 717 4099 vigebat
738 4042 824 4098 moS,
857 4026 892 4082 ut
914 4026 1148 4100 respicerentur
1169 4025 1262 4083 unice
1283 4024 1436 4084 dedicatio
1457 4021 1633 4081 dedicator·

405 4138 483 4196 que,
509 4123 728 4198 neglegeretur
743 4125 849 4180 autem
864 4140 1017 4197 prorsuS,
1041 4125 1128 4182 unde
1143 4124 1278 4197 adeptus
1294 4125 1379 4180 esset
1392 4120 1633 4194 inscriptionem

405 4219 574 4278 dedicator.
600 4220 680 4288 Quis
698 4220 931 4295 inscriptionis,
956 4222 1024 4279 sive
1039 4239 1075 4280 ea
1091 4224 1159 4279 erat
1175 4221 1271 4296 ligata
1287 4221 1355 4278 sive
1370 4220 1473 4278 soluta
1489 4216 1634 4276 oratione

404 4319 593 4392 composita,
617 4323 700 4377 esset
715 4321 835 4394 auctor,
860 4323 969 4378 utrum
986 4319 1147 4378 dedicator
1162 4319 1230 4377 suis
1245 4319 1347 4393 ipsius
1363 4316 1469 4376 verbis
1484 4316 1633 4391 pietatem

437 4565 472 4621 44)
509 4567 639 4615 Dialectus
662 4568 717 4614 sola
740 4567 807 4628 apud
835 4566 996 4615 Herodotum
1022 4582 1074 4616 non
1093 4567 1197 4629 integra
1215 4573 1255 4616 est
1273 4572 1389 4626 servata;
1413 4567 1516 4630 quade
1535 4580 1562 4614 re
1581 4566 1634 4614 vid.

404 4653 431 4700 in
450 4654 495 4700 alt.
513 4667 536 4714 p.
555 4652 580 4700 ir.
598 4666 692 4700 comm.

437 4733 472 4796 45)
508 4737 544 4784 Dc
570 4736 710 4784 traditione
735 4737 958 4798 epigrammatum
986 4735 1214 4785 Corinthiacorurn
1243 4737 1292 4785 vid.
1319 4735 1331 4797 ἓ
1355 4733 1403 4797 293
1431 4735 1462 4783 de
1488 4735 1635 4784 traditione

404 4821 602 4883 epigrammatis
618 4820 750 4882 Tegeatici
768 4819 840 4881 (102)
859 4821 907 4870 rid.
926 4823 972 4868 alt.
991 4821 1071 4869 huius
1090 4835 1184 4869 comm.
1202 4827 1268 4883 part.
