3572 5716
369 509 444 584 cap.
470 507 537 585 111,
562 509 610 569 32.
950 508 1009 570 220

1405 597 1414 629 l

369 697 448 756 Cum
478 697 617 774 genuina
643 714 713 772 epp.
736 697 1017 774 Thermopylensia
1040 697 1223 756 Herodotus
1244 696 1414 756 memoriae
1434 697 1593 772 traderet,

368 795 465 854 huius
490 795 728 872 epigrammatis
754 795 877 854 indoles
898 795 1148 854 demonstrativa
1171 795 1257 853 viros
1279 794 1388 853 doctos
1409 795 1507 854 latere
1528 812 1595 853 non

367 893 486 970 potuit,
514 911 716 969 ¹quamquam
747 895 857 952 auctor
887 893 1101 952 locutionibus
1132 888 1185 952 αλα
1214 890 1349 952 κέκευθε
1376 893 1407 951 et
1434 889 1522 970 τῇδε,
1558 893 1596 952 ut

368 990 547 1050 Mnasalcae
568 991 601 1049 in
623 1009 693 1067 epp.
715 991 978 1068 Thermopylensi
1001 989 1036 1068 (ᾗ
1061 989 1148 1066 125),
1173 991 1424 1066 Eurymedontio
1447 989 1483 1068 (5
1507 988 1591 1066 127),

368 1088 533 1163 Tegeatico
549 1087 583 1166 (§
598 1088 680 1165 128),
697 1090 918 1165 epigrammati
929 1089 1146 1164 inscriptionis
1157 1089 1293 1148 colorem
1305 1089 1446 1148 tribuere
1457 1089 1589 1147 studuit.

367 1185 484 1244 Auctor
512 1187 673 1260 proiectus
701 1205 772 1246 esse
793 1188 918 1247 videtur
940 1205 958 1247 a
980 1188 1144 1263 Megistiae
1164 1187 1392 1264 epigrammate
1413 1187 1468 1262 94,
1499 1187 1592 1246 cuius

367 1283 548 1342 hexameter
562 1285 650 1360 prior
664 1288 760 1360 atque
773 1288 969 1362 pentameter
984 1286 1140 1361 posterior
1156 1285 1253 1344 verba
1268 1285 1404 1344 eundem
1415 1285 1448 1342 in
1461 1285 1592 1343 modum

367 1399 424 1456 per
452 1399 582 1441 versum
610 1383 712 1441 divisa
738 1383 912 1442 ostendunt
933 1400 1030 1457 quam
1052 1382 1153 1441 nostri
1174 1383 1413 1458 epigrammatis
1434 1381 1591 1440 distichon

367 1480 467 1554 prius,
505 1480 639 1539 Nomina
662 1498 790 1555 quoque
810 1481 939 1557 propria
960 1477 1108 1540 Λεωνίδα
1131 1513 1168 1520 -
1190 1475 1341 1557 Μεγιστία
1363 1481 1459 1554 atque
1480 1476 1590 1556 Σπάρ-

367 1599 421 1656 της
455 1611 486 1618 -
514 1575 665 1656 Σπάρτης
692 1579 823 1637 eandem
854 1595 967 1638 versus
997 1580 1104 1637 sedem
1130 1579 1297 1652 occupant.
1332 1578 1435 1636 Verba
1463 1574 1592 1643 εὐκλέας

367 1678 462 1750 atque
493 1673 642 1754 Σπάρτης
673 1673 851 1754 εὐρυχόρου
882 1672 1009 1752 βασιλεῦ
1041 1678 1207 1735 mutuatus
1240 1676 1288 1734 est
1318 1678 1429 1735 auctor
1460 1693 1524 1734 non
1552 1693 1591 1733 ex

366 1775 593 1851 epigrammate
630 1774 831 1850 Simoniden,
869 1774 925 1832 sed
959 1791 998 1832 ex
1033 1774 1154 1849 hymno
1188 1774 1361 1834 Simonidis
1392 1774 1425 1832 in
1457 1769 1528 1839 τοὺς
1558 1771 1591 1832 ἐν

370 1868 592 1949 Θερμοπύλαις
619 1869 775 1937 θανόντας
805 1870 857 1947 (ir.
886 1871 903 1930 4
933 1868 1003 1947 Β.),
1035 1872 1074 1930 ci.
1103 1873 1263 1932 Hauvette
1288 1890 1318 1947 p.
1342 1872 1378 1931 76
1400 1874 1430 1930 et
1454 1871 1587 1931 stadem.

366 1972 405 2029 ad
434 1989 482 2046 ep.
511 1971 648 2030 Alterius
676 1970 801 2029 distichi
830 1970 1002 2056 verborum
1030 1971 1209 2046 congeriem
1232 1971 1393 2029 Planudes
1414 1970 1457 2028 ita
1479 1970 1590 2028 dissol-

366 2087 440 2128 vere
467 2071 601 2128 oonatus
629 2072 677 2128 est
707 2065 876 2147 (Μηδείων
905 2067 971 2144 <τ’)
1000 2065 1129 2145 ἀνδρῶν
1157 2065 1322 2144 δεξάμενοι
1342 2064 1524 2144 πόλεμον),
1555 2070 1591 2125 ut

365 2168 519 2242 particula
547 2165 579 2226 τέ
605 2169 677 2242 post
706 2162 860 2244 Μηδείων
887 2166 1007 2224 inserta
1034 2167 1141 2225 dativo
1165 2163 1298 2242 πολέμῳ
1318 2165 1351 2222 in
1373 2166 1590 2224 accusativum

365 2267 487 2324 mutato
508 2264 662 2322 tribueret
682 2263 848 2338 participio
870 2259 1034 2340 δεξάμενοι
1055 2264 1119 2322 duo
1140 2264 1261 2324 obiecta
1279 2282 1322 2323 sc.
1341 2261 1456 2330 σθένος
1475 2260 1591 2340 (τόξων

365 2384 396 2422 τε
417 2360 470 2422 καὶ
491 2361 611 2438 ἵππων)
634 2365 730 2436 atque
750 2359 892 2438 πόλεμον
914 2361 991 2437 (τῶν
1013 2357 1166 2440 Μήδων).
1201 2363 1344 2437 Utraque
1364 2362 1454 2421 lectio
1475 2361 1590 2442 scilicet

365 2464 413 2520 est
434 2461 614 2536 abicienda,
639 2461 771 2519 alteram
794 2457 849 2536 (τ’)
873 2477 944 2518 cum
968 2460 1105 2534 Bergkio
1127 2477 1256 2519 servare
1278 2461 1368 2520 nefas
1389 2463 1446 2519 est.
1473 2459 1590 2519 Subest

365 2561 471 2618 autem
499 2560 604 2617 denuo
631 2559 764 2617 imitatio
794 2557 985 2616 Simonidea.
1022 2557 1185 2617 Sententia
1213 2558 1428 2618 construenda
1456 2561 1504 2617 est
1529 2559 1588 2617 sic:

365 2655 398 2714 οἳ
408 2662 454 2733 τῷ
467 2653 599 2734 πολέμῳ
613 2652 759 2725 ε’ὃέξανιο
773 2653 888 2721 σθένος
902 2657 965 2714 τῶν
979 2652 1082 2724 τόξων
1096 2653 1195 2715 τεκαὶ
1209 2654 1316 2715 ἵππων
1330 2657 1394 2713 τῶν
1409 2651 1537 2732 Μήδων
1550 2681 1589 2703 =

365 2757 428 2812 τῶν
449 2751 638 2831 τοξοφόρων
659 2751 712 2812 καὶ
733 2751 927 2832 ῖττττομάχων
950 2750 1085 2831 Μήδων.
1111 2754 1314 2813 Locutionem
1337 2770 1401 2811 non
1426 2753 1587 2828 vulgarem

366 2848 530 2928 ὁεξάμενοι
546 2848 679 2928 πολέμῳ
696 2849 811 2917 σθένος
829 2850 935 2911 ἵππων
953 2853 1074 2911 auctori
1090 2851 1277 2927 praebuisse
1292 2851 1418 2909 videtur
1434 2851 1587 2910 sententia

364 2952 509 3027 τρηχεῖαν
531 2946 673 3026 πολέμου
696 2947 861 3027 δεξάμενοι
882 2947 1016 3028 νεφέλην
1037 2951 1069 3008 in
1091 2968 1139 3025 ep.
1161 2949 1216 3024 89,
1247 2949 1280 3006 in
1302 2965 1367 3023 quo
1388 2949 1586 3023 participium

365 3044 530 3124 δεξάμενοι
556 3048 666 3106 eadem
694 3049 768 3108 sede
789 3049 914 3124 legitur.
945 3050 990 3126 ut
1011 3049 1192 3106 Mnasalcae
1212 3048 1243 3105 in
1267 3065 1315 3122 ep.
1339 3047 1587 3122 Eurymedontio

364 3148 394 3204 et
411 3164 459 3220 ep.
479 3146 660 3222 TegeaticO,
685 3147 776 3206 sicin
793 3147 852 3206 hoc
867 3146 1005 3205 auctoris
1022 3146 1117 3204 menti
1132 3145 1338 3204 obversatum
1353 3147 1401 3203 est
1416 3146 1585 3204 Persarum

363 3245 523 3320 epitheton
544 3242 729 3322 τοξοφόρος.
754 3245 817 3304 Sed
838 3245 992 3304 accedunt
1014 3245 1131 3303 Persae
1151 3239 1373 3320 ἱππομάχοι.
1395 3243 1458 3310 Qui
1479 3241 1585 3301 unde?

364 3343 413 3399 Ex
444 3341 642 3416 Simoniden,
672 3343 800 3418 opinor,
831 3360 879 3417 ep.
908 3343 1087 3419 Megarensi
1116 3342 1188 3417 107,
1219 3341 1275 3418 ubi
1296 3342 1413 3400 Persae
1434 3345 1587 3400 vocantur

363 3438 533 3516 ἄνθρωποι
567 3437 743 3518 ῖτιττομόχσι
779 3440 831 3517 (cl.
869 3439 888 3518 ξ
926 3437 1007 3516 130).
1051 3442 1116 3499 Eos
1147 3440 1221 3498 inde
1252 3439 1420 3498 arcessitos
1452 3455 1523 3497 esse
1552 3455 1586 3497 ao

363 3537 560 3612 probabilius
595 3540 662 3612 est,
700 3539 786 3612 quod
820 3540 852 3596 in
888 3539 996 3597 eodem
1028 3555 1076 3612 ep.
1110 3538 1188 3596 redit
1219 3537 1378 3612 epitheton
1411 3534 1587 3613 τοξοφόρας

365 3636 448 3713 (licet
469 3636 532 3694 illic
554 3636 673 3694 Dianae
694 3634 909 3710 attributum).
934 3636 1041 3703 Quare
1059 3636 1151 3694 valde
1165 3635 1316 3710 languide
1331 3651 1425 3693 arcus
1441 3635 1586 3693 dicantur

362 3731 496 3792 πλεῖστοι
523 3734 542 3791 i.
567 3751 593 3792 e.
618 3730 784 3809 plurimi,
817 3732 907 3790 docet
934 3749 982 3806 ep.
1013 3731 1084 3790 108:
1117 3733 1325 3791 Athenienses
1348 3751 1377 3790 v.
1399 3732 1587 3792 reccidisse

363 3831 536 3890 traduntur
556 3828 758 3895 πλείστοις
776 3826 935 3888 Ἑλλάνων
956 3827 1041 3888 ἀντία
1063 3827 1276 3906 μαρνάμενοι,
1301 3830 1320 3887 i.
1340 3847 1366 3888 e.
1388 3833 1423 3888 ut
1444 3831 1586 3889 Wilhelm

364 3931 446 3988 recte
473 3929 624 3987 intellexit
647 3946 676 4002 p.
698 3929 755 3987 225
781 3927 833 3985 ‘im
857 3927 990 4002 Kampie
1012 3929 1067 3985 mit
1089 3929 1145 3986 der
1168 3928 1384 3986 verbiindeten
1405 3929 1511 3987 Macht
1532 3929 1586 3987 der

365 4027 534 4085 meisten
562 4024 742 4099 Hellenen’;
773 4026 1004 4100 superlativus,
1036 4027 1091 4100 qui
1114 4027 1205 4085 unice
1226 4027 1259 4083 in
1281 4027 1340 4084 hoc
1360 4043 1408 4100 ep.
1430 4028 1583 4101 quadrat,

362 4125 395 4183 in
414 4127 551 4199 utroque
568 4126 600 4182 in
621 4141 735 4182 versus
750 4123 880 4182 exordio
895 4123 1020 4198 legitur.
1045 4124 1138 4192 Quod
1155 4121 1265 4202 Μῆδοι
1280 4125 1586 4184 circumscribuntur

363 4219 499 4299 λλήθειοι
530 4219 677 4297 ἄνδρες
708 4239 771 4279 non
801 4221 970 4295 miramur,
1004 4222 1060 4295 qui
1087 4222 1120 4279 in
1149 4223 1329 4280 Mnasalcae
1357 4222 1585 4281 imitationibus

364 4319 554 4378 Simonideis
569 4319 786 4377 invenerimus
801 4316 1036 4385 ἀκοντοόόκους
1051 4317 1202 4395 ἄνδρας
1217 4346 1255 4367 =
1270 4315 1424 4397 αἰχμητὰς
1436 4318 1499 4396 (ep.
1516 4318 1583 4395 106)

361 4421 391 4476 et
419 4414 624 4495 εὐθυμόχους
652 4416 805 4494 ἄνδρας
834 4416 895 4494 (ep.
926 4416 1012 4493 103);
1043 4418 1171 4476 minime
1196 4418 1293 4493 igitur
1314 4419 1374 4476 hoc
1396 4419 1584 4477 vocabulum

362 4533 433 4574 cum
463 4517 497 4573 F.
525 4516 573 4573 W.
604 4515 778 4574 Schmidtio
800 4511 957 4592 (χαλεπῷ)
981 4517 1030 4573 vel
1052 4533 1124 4573 cum
1149 4515 1376 4574 Stadtmiillero
1400 4512 1520 4593 (ἁδρῷ)
1543 4516 1584 4574 ita

361 4613 588 4671 eliminandum
610 4617 658 4672 est
679 4613 875 4688 coniectura,
901 4615 936 4671 ut
957 4613 1147 4672 adiectivum
1170 4608 1325 4691 Μηθείων
1346 4631 1419 4671 cum
1437 4610 1539 4682 τόξων
1556 4633 1584 4671 τε

361 4707 414 4768 καὶ
434 4708 541 4768 ἴττττων
561 4711 784 4786 coniungatur.

400 4808 530 4866 Nullum
553 4808 686 4867 dubium
707 4826 777 4868 esse
798 4811 892 4884 puto,
924 4808 1002 4882 quin
1024 4809 1084 4866 hoc
1105 4824 1233 4882 quoque
1253 4824 1302 4882 ep.
1323 4807 1478 4867 debeatur
1498 4809 1583 4866 Mna·
