3546 5724
762 513 799 572 oo
1220 512 1316 592 aar,
1341 515 1389 574 35.
1444 561 1445 564 γ

209 696 228 774 5
251 697 299 757 35.
350 698 425 772 Quo
448 716 485 758 er
504 699 599 758 fonte
624 697 1394 776 001131110130191010301313711031110113111

167 794 195 854 A
212 793 384 872 petiverit.
410 797 568 866 Quoniam
582 796 813 874 scriptoribus
827 816 923 858 usum
938 817 1009 858 esse
1023 801 1172 874 apparuit
1187 800 1392 859 Collectorem

166 893 198 952 in
223 895 353 971 Sylloge
376 896 557 956 Simonidea
579 897 781 972 adornanda,
815 897 1004 972 videndum,
1036 916 1075 956 ex
1101 915 1242 973 quonam
1264 899 1393 957 auctore

168 991 366 1068 (defensione
393 995 611 1071 Corinthiaca,
643 997 789 1071 Ephoro,
821 994 1037 1072 Theopompo)
1067 996 1306 1071 epigrammatis
1336 995 1392 1054 137

166 1091 369 1150 traditionem
401 1093 425 1150 A
457 1093 588 1153 haurire
615 1095 763 1169 potuerit.
798 1095 847 1152 Ex
876 1094 926 1152 his
954 1094 1058 1153 trihus
1087 1093 1297 1168 scriptoribus
1328 1094 1392 1152 iam

166 1189 272 1248 statim
291 1190 531 1267 Theopompum
546 1191 703 1251 dimittere
724 1209 908 1267 possumus.
933 1191 1048 1252 Omnia
1063 1191 1147 1250 enim
1162 1192 1392 1267 epigrammata

166 1287 368 1347 Corinthiaca
394 1290 537 1364 quinque
562 1290 594 1348 in
617 1290 787 1350 traditione
807 1291 831 1348 A
853 1290 996 1349 extitisse
1017 1289 1157 1348 vidimus
1180 1289 1392 1366 (transierunt

165 1384 249 1444 enim
276 1387 384 1445 omnia
418 1405 457 1446 ex
496 1389 697 1448 Corinthiaca
729 1389 914 1448 defensione
944 1389 976 1446 in
1009 1385 1189 1463 Ephorum)
1221 1387 1393 1462 omniaque

164 1483 197 1542 in
223 1485 394 1544 traditione
423 1485 444 1544 S
474 1486 560 1561 apud
589 1487 760 1562 scriptores
788 1487 998 1546 inveniuntur
1027 1485 1081 1562 (cf.
1113 1484 1157 1564 ἐξ
1187 1485 1225 1545 38
1253 1487 1283 1544 31
1305 1483 1388 1561 138).

166 1581 296 1641 Praeter
323 1600 372 1657 ep.
405 1583 461 1642 137
489 1587 518 1642 31
547 1601 595 1659 ep.
627 1584 680 1659 96,
712 1585 752 1643 (13
779 1602 917 1659 quorum
939 1584 1165 1643 traditionibus
1186 1583 1392 1658 testibusque

165 1680 189 1737 A
217 1684 247 1738 et
278 1680 300 1740 S
329 1680 465 1739 diversis
486 1681 548 1740 iam
571 1682 749 1757 disputavi,
781 1700 830 1757 ep.
859 1682 897 1742 97
918 1699 1048 1757 quoque
1068 1683 1100 1740 in
1123 1682 1204 1741 trad.
1232 1681 1253 1742 S
1274 1682 1392 1758 legitur

166 1776 241 1853 (AP.
266 1779 338 1836 VII.
356 1778 431 1853 250,
456 1780 562 1837 textus
577 1779 603 1836 A
617 1804 657 1828 =
676 1777 731 1855 S),
755 1779 994 1856 epigrammatis
1009 1779 1048 1840 98
1066 1780 1247 1840 Simonidea
1262 1779 1390 1838 traditio

164 1875 315 1934 laudatur
335 1879 366 1934 et
386 1875 447 1934 AP.
471 1877 542 1934 Vll.
567 1876 625 1935 347
647 1881 677 1935 31
698 1877 786 1952 apud
807 1877 1004 1936 Favorinum
1025 1878 1071 1936 l.l.
1097 1876 1248 1953 (utroque
1268 1877 1336 1935 loco
1357 1876 1390 1934 in

164 1973 273 2032 eodem
301 1975 390 2032 textu
418 1991 518 2048 eoque
546 1974 587 2032 ab
609 1975 634 2032 A
655 1973 880 2050 discrepanti),
911 1992 960 2049 ep.
987 1974 1226 2034 13410113111.
1250 1977 1281 2033 et
1301 1977 1390 2033 textu

167 2070 187 2130 S
210 2072 272 2129 ΑΡ.
296 2072 350 2131 VI.
375 2071 443 2130 215.
468 2072 678 2131 Communem
698 2072 797 2148 igitur
818 2073 984 2131 historiam
1006 2073 1148 2146 quinque
1165 2073 1218 2131 illa
1233 2072 1389 2147 epigram-

165 2173 248 2228 mata
286 2161 439 2229 habuisse
476 2169 733 2245 coniunctimque
770 2171 804 2229 in
837 2170 988 2246 Syllogen
1023 2170 1191 2229 transiisse
1228 2170 1387 2228 videntur.

164 2269 404 2343 Theopompum
424 2268 539 2344 igitur,
568 2269 624 2343 qui
647 2286 747 2327 unum
768 2269 965 2344 epigramma
987 2285 1155 2328 servarum
1176 2269 1390 2326 venerearum

164 2366 342 2441 exhiberet,
364 2366 482 2424 fontem
502 2367 684 2426 Collectoris
705 2367 805 2426 fuisse
826 2368 1010 2443 negandum
1024 2370 1082 2426 est.
1101 2368 1234 2425 Restant
1248 2365 1391 2424 defensio

165 2464 367 2524 Corinthiaca
381 2466 412 2523 et
426 2463 587 2539 Ephorus.
612 2464 701 2533 Quae
715 2469 822 2524 autem
837 2483 934 2524 causa
949 2467 1043 2523 antea
1059 2463 1094 2542 (ᾖ
1111 2462 1163 2540 29)
1180 2481 1239 2522 nos
1254 2463 1387 2537 monuit,

165 2579 203 2620 ne
229 2562 351 2621 fontem
378 2561 609 2621 abstrusiorem
633 2563 874 2637 Theopompum
901 2563 1018 2621 adiisse
1045 2565 1249 2637 putaremuS,
1280 2561 1390 2620 eadem

165 2677 249 2719 nunc
271 2677 331 2718 nos
354 2661 486 2719 retineat
507 2677 636 2720 necesse
656 2664 720 2735 est,
745 2663 920 2734 quominus
938 2649 1142 2720 collectorem
1156 2677 1193 2718 eo
1208 2677 1304 2718 usum
1319 2675 1390 2718 esse

164 2775 360 2818 censeamus
394 2759 555 2818 Accedunt
586 2761 692 2817 autem
724 2759 863 2817 rationes
895 2759 983 2817 haud
1010 2758 1112 2833 leves,
1150 2761 1280 2832 propter
1307 2773 1390 2831 quas

164 2855 326 2932 Ephorus
353 2857 425 2915 fons
452 2857 634 2917 collectoris
662 2856 830 2915 habendus
859 2857 909 2915 sit.
944 2857 1014 2914 Non
1043 2856 1146 2914 solum
1174 2855 1207 2913 in¹
1233 2856 1389 2931 epigram-

165 2955 255 3014 matis
279 2954 468 3029 Oorinthiis,
490 2955 549 3014 sed
570 2955 664 3013 etiam
685 2955 718 3013 in
740 2955 826 3029 aliie,
855 2971 939 3029 quae
958 2971 998 3012 ex
1020 2953 1184 3013 Corinthia
1206 2951 1391 3012 defensione

163 3053 292 3111 omnino
321 3070 385 3111 non
414 3053 531 3112 arcessi
559 3055 749 3128 potuerunt,
779 3052 943 3113 Collectori
964 3051 1050 3126 apud
1073 3051 1240 3125 Ephorum
1261 3049 1389 3109 traditio

164 3151 337 3227 Apraesto
358 3151 458 3209 fuisse
479 3151 614 3209 videtur.
651 3150 704 3210 Sic
724 3149 979 3226 epigrammatis,
1010 3149 1180 3224 quodiam
1202 3165 1388 3208 commemo·

164 3249 230 3308 ravi
252 3265 353 3324 supra
377 3247 396 3325 ξ
419 3247 472 3323 34,
499 3248 554 3307 141
579 3247 632 3324 (cf.
656 3246 675 3326 ἓ
697 3247 759 3324 76),
784 3266 833 3323 ep.
856 3248 913 3307 1411
936 3247 989 3324 (of.
1013 3245 1032 3325 ἓ
1052 3246 1104 3323 50)
1127 3249 1158 3305 31
1169 3247 1304 3306 aliorum
1314 3263 1386 3321 epp.

165 3345 216 3420 (cf.
243 3344 263 3424 ᾖ
288 3343 359 3421 134)
383 3346 510 3405 traditio
531 3347 557 3404 A
577 3347 617 3405 ad
640 3346 806 3421 Ephorum
828 3347 973 3405 recurrit.
1005 3345 1156 3421 Ephorus
1177 3347 1340 3420 praeterea
1361 3345 1389 3402 is

163 3448 228 3503 erat
242 3445 365 3519 auctor,
384 3445 469 3518 apud
484 3461 579 3518 quem
595 3445 681 3503 haud
696 3462 797 3520 parva
811 3446 1079 3520 epigrammatum
1095 3444 1208 3502 messis
1223 3442 1388 3517 quaerenti

163 3542 356 3618 expectanda
384 3545 468 3617 erat,
500 3543 618 3617 quippe
645 3544 700 3617 qui
729 3544 908 3602 Isocrateae
936 3543 1063 3602 scholae
1090 3542 1210 3601 assecla
1232 3541 1388 3616 epigram·

163 3641 254 3700 matis
280 3641 456 3700 orationem
480 3658 596 3699 ornare
617 3641 787 3701 adamabat
810 3640 863 3718 (cf.
890 3639 909 3717 ξ
932 3641 1024 3701 2911.
1049 3638 1113 3716 28).
1145 3639 1230 3697 Alios
1252 3637 1389 3711 denique

163 3741 286 3812 praeter
308 3739 475 3813 Ephorum
495 3738 612 3798 adiisse
633 3739 801 3798 historicos
823 3739 994 3814 scriptores
1016 3739 1140 3797 constat
1163 3736 1384 3808 Collectorem,

162 3854 221 3912 eg.
247 3838 446 3895 Herodotum
475 3839 571 3911 atque
591 3837 808 3913 Thucydidem
833 3836 885 3913 (cf.
910 3839 1073 3912 praeterea
1095 3834 1116 3912 ,ξ
1140 3831 1228 3909 134),
1257 3834 1293 3891 ut
1313 3849 1386 3890 eum

163 3935 328 4009 Ephorum
357 3935 535 4010 neglexisse
563 3952 677 4009 parum
706 3935 876 3994 verisimile
905 3935 1060 3993 videatur.
1095 3932 1210 3992 Omnia
1231 3930 1329 4006 igitur
1350 3946 1387 3987 30

162 4033 299 4107 ducunt,
332 4036 367 4090 ut
394 4032 561 4107 Ephorum
590 4033 772 4092 collectoris
797 4033 916 4091 fontem
938 4049 1010 4092 cum
1032 4034 1209 4091 ceterorum
1230 4029 1387 4104 epigram·

162 4132 282 4190 matum
304 4129 543 4190 Corinthiorum
565 4132 633 4188 tum
655 4130 756 4188 nostri
778 4129 1016 4206 epigrammatis
1036 4129 1093 4188 137
1108 4128 1209 4186 fuisse
1223 4128 1384 4202 putemus,

200 4229 315 4303 Itaque
336 4228 486 4302 Ephorus
504 4227 634 4301 praebet
647 4229 834 4303 terminum,
848 4229 931 4304 post
948 4245 1043 4302 quem
1060 4226 1189 4302 Sylloge
1206 4224 1387 4285 Simonidea

163 4489 263 4552 longius
281 4501 364 4552 quam
383 4487 409 4535 in
429 4486 514 4548 lapide
531 4485 593 4544 (AP.
613 4486 654 4535 Vl.
672 4484 721 4534 144
740 4501 769 4528 =
788 4483 877 4548 alm),
900 4487 943 4535 hic
960 4486 1112 4548 argumenti
1130 4487 1185 4534 loco
1203 4487 1296 4534 3113113
1314 4485 1388 4533 nefas

162 4579 213 4636 est,
236 4573 365 4637 quoniam
390 4572 552 4635 epigramma
575 4586 722 4635 numquam
746 4571 854 4621 affuisse
877 4572 904 4620 in
923 4571 1027 4634 Sylloge
1045 4570 1196 4620 Simonidea
1213 4570 1388 4620 demonstrari

163 4663 245 4720 potest
262 4655 393 4720 (eracl).
411 4657 551 4707 Praeterea
568 4658 678 4720 logicam
697 4663 781 4706 artem
802 4658 916 4720 plectere
935 4657 1000 4705 mihi
1019 4657 1133 4719 viderer,
1151 4657 1200 4705 nisi
1218 4656 1386 4706 concederem

164 4741 238 4791 11311
263 4756 377 4806 posse,
401 4747 432 4790 ut
455 4743 583 4792 nonnulla
606 4743 812 4806 epigrammata,
837 4757 905 4806 quae
923 4741 1090 4791 Simonideae
1108 4741 1229 4805 Syllogae
1246 4742 1387 4802 insereret,

164 4840 178 4873 a
194 4825 338 4877 collectore
355 4841 409 4874 non
427 4841 457 4875 ex
476 4827 645 4889 scriptoribus
662 4827 792 4889 acquisita
809 4830 905 4876 essent.
