3572 5716
405 493 481 577 Cap.
506 496 574 578 111,
600 495 646 562 19.
988 497 1045 563 178

405 687 425 766 5
448 689 496 748 91.
540 690 695 764 Apparuit
716 689 825 750 titulos
846 691 961 750 horum
982 691 1247 767 epigrammatum
1271 693 1466 768 Meleagreae
1487 694 1629 754 Coronae

404 806 468 847 non
496 788 638 863 integros
666 788 822 862 praestari
845 787 878 846 in
900 789 994 848 Anth.
1020 789 1100 864 Pal,
1131 790 1187 848 sed
1209 790 1308 849 variis
1329 791 1478 867 deinceps
1499 810 1627 867 corrup·

403 887 473 946 telis
504 903 615 944 omnes
647 887 747 945 iactos
779 903 850 946 esse
880 886 1090 946 Simonidem.
1127 887 1416 962 Subsequebantur
1443 889 1475 947 in
1504 889 1627 949 Corona

403 986 578 1060 Meleagrea
597 986 657 1043 hoo
673 985 785 1043 ordine
802 988 899 1060 atque
917 985 1003 1044 hisce
1020 987 1133 1044 ornata
1151 985 1252 1044 titulis
1269 987 1500 1061 epigrammata
1519 987 1626 1046 haece:

385 1120 388 1125 -
445 1101 476 1142 α.
502 1083 529 1141 1.
545 1083 605 1141 ΑΡ.
618 1080 674 1142 VI.
688 1083 747 1141 212
765 1107 803 1130 =
819 1100 866 1158 ep.
884 1082 960 1142 Sim.
976 1082 1033 1141 164
1044 1079 1313 1160 Ἀνακρέοντος

447 1179 477 1240 b.
502 1180 530 1240 3.
687 1179 801 1240 213⁸:
977 1180 1034 1240 150
1047 1184 1103 1240 τοῦ
1115 1179 1212 1241 αὐτοῦ
1224 1200 1289 1240 11110
1299 1183 1434 1242 disticho
1446 1183 1625 1242 absolutum

449 1295 474 1338 0.
499 1279 527 1338 2.
685 1278 743 1338 213
763 1303 802 1328 =
977 1278 1034 1338 145
1049 1275 1271 1356 Σιμωνίδου

443 1376 475 1436 d.
626 1381 665 1448 <
685 1395 734 1452 ep.
751 1376 828 1436 Sim.
844 1376 901 1435 147
922 1381 962 1448 >
1049 1380 1104 1436 τοῦ
1116 1375 1393 1454 adrodaOephala
1404 1380 1570 1438 omissum.

401 1477 520 1534 Errore
547 1477 714 1535 cuiusdam
742 1475 864 1534 librarii
891 1475 923 1533 in
946 1475 1071 1535 Corona
1093 1477 1164 1534 Mel.
1189 1493 1238 1552 ep.
1263 1475 1299 1552 b,
1331 1478 1416 1551 quod
1438 1478 1625 1537 Anacreonti

400 1572 602 1632 tribuebatur
620 1573 703 1632 siout
719 1572 774 1632 VI.
794 1572 867 1648 144,
893 1575 965 1648 post
982 1591 1031 1650 ep.
1050 1573 1074 1632 d
1091 1575 1245 1649 scriptum
1264 1578 1326 1648 est;
1349 1592 1414 1649 quo
1430 1577 1567 1651 iactum,
1591 1579 1624 1634 ut

400 1671 512 1729 titulus
541 1673 595 1730 1οῦ
624 1668 720 1730 αὐτοῦ
745 1673 813 1730 tum
837 1670 1032 1731 Simonidem
1056 1671 1102 1749 (0,
1128 1670 1165 1748 d)
1189 1673 1367 1747 respiceret.
1403 1674 1523 1732 Deinde
1544 1691 1624 1732 novo

399 1787 508 1827 errore
528 1786 576 1844 ep.
602 1787 624 1828 a
645 1769 748 1828 solum
770 1771 845 1827 ante
865 1769 979 1828 seriem
1003 1768 1259 1828 Simonideorum
1281 1770 1549 1845 epigrammatum
1571 1789 1623 1829 sex

401 1867 450 1925 vel
484 1866 625 1940 plurium
659 1866 804 1924 relictum
838 1867 945 1940 ipsum
979 1867 1064 1925 intra
1099 1866 1188 1924 illum
1219 1867 1365 1926 ordinem
1396 1869 1533 1926 tractum
1565 1872 1620 1927 est.

400 1966 519 2024 Deinde
539 1983 557 2024 a
581 1964 718 2040 Cepheia
740 1981 789 2038 ep.
815 1962 839 2022 d
859 1981 898 2021 ex
920 1963 1045 2022 Corona
1066 1963 1099 2020 in
1120 1963 1247 2022 Anthol.
1267 1982 1330 2023 non
1349 1965 1541 2023 translatum
1559 1968 1619 2039 est,

398 2064 431 2122 in
454 2063 642 2138 Anthologia
664 2062 770 2120 autem
792 2060 973 2134 Cephalana
995 2077 1043 2135 ep.
1066 2059 1086 2119 b
1108 2077 1192 2118 novo
1213 2061 1349 2121 disticho
1372 2061 1523 2139 (utroque
1542 2061 1620 2138 loco)

398 2163 447 2219 est
467 2160 649 2218 adauctum.

438 2258 551 2331 Itaque
585 2274 624 2314 ex
658 2257 762 2316 tribus
797 2256 894 2314 huius
926 2256 1088 2315 Palatinae
1119 2257 1211 2315 seriei
1242 2257 1481 2332 epigrammatis
1513 2259 1620 2334 primis

398 2373 500 2413 unum
522 2353 579 2414 VI.
600 2354 658 2413 213
680 2355 766 2428 apud
788 2354 983 2429 Meleagrum
1005 2371 1134 2428 quoque
1157 2353 1330 2413 Simonidis
1351 2355 1442 2414 titulo
1464 2356 1620 2414 munitum

397 2456 474 2511 erat.
499 2452 658 2520 Quoniam
680 2453 739 2510 hoo
759 2451 971 2527 epigramma,
996 2454 1032 2510 ut
1053 2468 1101 2526 ep.
1125 2450 1203 2510 Sim.
1225 2452 1293 2527 147,
1318 2453 1404 2526 quod
1425 2454 1512 2529 apud
1532 2453 1619 2512 Mele-

397 2567 511 2625 agrum
534 2549 737 2624 sequebatur,
762 2548 899 2607 celebrat
922 2548 1095 2607 Simonidis
1117 2549 1266 2609 victorias
1288 2550 1485 2626 ohoregicas,
1509 2554 1540 2609 61
1560 2552 1619 2626 epi·

397 2649 575 2722 grammata
597 2648 661 2705 duo
683 2647 847 2721 sequentia
866 2645 923 2706 VI.
945 2647 1002 2706 214
1024 2650 1054 2705 61
1073 2645 1129 2706 VI.
1151 2647 1209 2706 215
1231 2649 1361 2723 propter
1377 2649 1577 2707 traditionem
1598 2647 1618 2706 S

397 2746 429 2804 in
454 2745 582 2822 Sylloge
603 2745 736 2804 arruisse
757 2746 881 2803 constat
904 2742 939 2821 (ss
962 2743 1033 2821 99),
1062 2745 1113 2803 hio
1134 2745 1290 2804 habemus
1311 2745 1372 2804 tria'
1392 2746 1618 2822 epigrammata

316 2837 324 2850 '
399 2842 597 2918 Simonidea,
631 2859 714 2916 quae
744 2859 761 2900 a
793 2842 952 2917 Meleagro
979 2843 1127 2916 deinceps
1155 2859 1195 2900 ex
1225 2841 1353 2918 Sylloge
1381 2847 1505 2919 recepta
1534 2848 1615 2903 sunt.

396 2941 565 2999 Videamus
587 2941 694 3016 igitur,
720 2957 797 2998 num
820 2940 941 3014 reliqua
963 2940 1060 2998 huius
1082 2941 1173 2999 seriei
1194 2940 1424 3015 epigrammata
1446 2943 1511 3001 duo
1528 2944 1616 3001 etiam

395 3057 434 3097 ex
458 3038 585 3114 Sylloge
606 3056 663 3113 per
685 3039 879 3113 Meleagrum
901 3039 934 3095 in
956 3038 1082 3099 Anthol.
1103 3038 1288 3113 pervenisse
1309 3039 1488 3097 videantur.

435 3137 586 3196 Ultimum
609 3137 805 3212 epigramma
823 3134 879 3196 VI.
901 3135 959 3194 217
978 3135 1127 3210 primitus
1145 3153 1163 3194 a
1182 3135 1263 3194 serie
1283 3135 1464 3195 Simonidea
1483 3137 1615 3196 alienum

394 3236 495 3294 fuisse
515 3252 626 3294 omnes
648 3234 707 3293 viri
729 3234 812 3293 docti
833 3234 1055 3292 intellexerunt
1079 3232 1131 3310 (oi.
1144 3234 1266 3292 Wilam.
1282 3252 1312 3309 p.
1327 3233 1410 3310 318).
1436 3236 1476 3293 Et
1493 3236 1552 3294 hoc
1568 3253 1613 3309 ep.

393 3336 424 3391 61
446 3333 610 3407 sequentia
633 3330 819 3408 (218-221)
842 3333 1006 3391 variorum
1025 3335 1191 3406 poetarum
1209 3333 1440 3408 epigrammata
1458 3333 1616 3391 illustrant

394 3431 514 3490 chriam
547 3430 628 3491 Galli
658 3432 688 3488 61
715 3430 825 3488 leonis.
860 3430 1026 3489 Librarius
1053 3430 1165 3505 igitur,
1201 3431 1252 3488 oui
1279 3430 1443 3505 complura
1471 3431 1615 3504 deinceps

393 3546 463 3603 epp.
485 3528 576 3587 titulo
594 3529 648 3586 τοῦ
667 3525 1068 3599 011011666611101116111111,
1093 3527 1227 3585 nimium
1246 3544 1439 3602 progressus
1457 3527 1615 3600 sequentis

393 3644 521 3702 quoque
539 3626 630 3685 seriei
648 3626 787 3701 primum
805 3626 1001 3700 epigramma
1020 3626 1059 3684 ad
1076 3626 1315 3700 praecedentem
1332 3625 1469 3684 traxisse
1481 3626 1612 3683 videtur.

433 3726 639 3800 Epigramma
666 3721 722 3782 VI.
751 3723 810 3783 216
838 3741 902 3782 11011
931 3723 1108 3782 scribarum
1138 3740 1247 3781 errore
1274 3722 1535 3784 antecedentibus
1555 3724 1614 3797 epi·

308 3819 311 3824 ’
392 3826 579 3900 grammatis
597 3841 636 3882 ex
656 3822 784 3898 Sylloge
802 3822 986 3897 propagatis
1005 3822 1224 3880 continuatum
1241 3823 1363 3881 esseut
1380 3819 1612 3895 Simonideum,

392 3925 448 3982 sed
476 3941 514 3981 ex
545 3923 672 3997 Sylloge
699 3921 768 3995 ipsa
796 3920 925 3978 titulum
951 3920 1101 3995 adeptum
1122 3937 1193 3978 6666
1213 3921 1283 3979 ideo
1304 3919 1500 3995 putaverim,
1532 3919 1615 3994 quod

392 4021 596 4080 Golleotorem
617 4019 772 4077 eiusmodi
795 4021 909 4095 γρῖφον
930 4015 963 4076 ἓν
984 4015 1123 4096 συλλαβῇ
1145 4037 1189 4077 60.
1210 4019 1312 4094 apin
1333 4019 1488 4077 Aaronem
1512 4016 1548 4094 (ξ
1565 4015 1614 4092 75)

392 4119 549 4192 recepisse
569 4118 703 4176 constat.

432 4216 480 4273 Ex
509 4218 629 4289 septem
657 4214 755 4288 igitur
783 4213 879 4270 huius
907 4213 1029 4272 ordinis
1054 4213 1292 4288 epigrammatis
1314 4215 1465 4288 quattuor
1487 4231 1526 4271 ex
1548 4213 1614 4287 ipsa

393 4312 520 4388 Sylloge
541 4330 597 4387 per
615 4312 809 4386 Meleagrum
831 4315 863 4368 in
883 4312 977 4370 Anth.
996 4312 1061 4369 Pal.
1082 4314 1257 4386 propagata
1276 4313 1362 4369 sunt.
1387 4311 1502 4368 Procul
1519 4311 1614 4368 dubio

390 4412 546 4486 Meleager
577 4410 670 4484 plura
703 4409 884 4468 Simonidea
915 4410 1064 4485 deinceps
1096 4427 1134 4467 ex
1165 4409 1293 4485 Sylloge
1320 4409 1466 4483 excerpta
1495 4408 1528 4466 in
1557 4409 1613 4466 hac

390 4510 471 4568 serie
492 4510 727 4583 composuerat;
751 4525 857 4566 nonne
879 4508 1017 4567 vidimus
1039 4525 1111 4565 eum
1134 4511 1206 4582 post
1227 4525 1275 4582 ep.
1291 4505 1347 4568 VI.
1369 4506 1427 4564 212
1446 4507 1612 4581 gemellum

389 4607 457 4665 eius
479 4624 527 4681 ep.
551 4606 628 4665 Sim.
651 4606 708 4665 147
731 4605 910 4680 recepisse?
1447 4685 1452 4694 ι

429 4707 478 4764 Ex
500 4706 559 4764 hoc
579 4706 691 4764 ordine
712 4706 837 4764 nullum
858 4705 1054 4781 epigramma
1076 4723 1094 4764 a
1115 4706 1260 4765 Planude
1280 4707 1442 4780 receptum
1464 4707 1522 4764 est.

430 4801 540 4880 5101.
585 4801 636 4863 De
666 4801 752 4863 serie
783 4801 987 4864 Simonidea
1015 4801 1182 4863 Palatina
1214 4791 1335 4864 aliero.
1383 4803 1611 4880 Sepulcralium
