3546 5724
837 455 875 513 aa
1116 459 1118 463 ¹
1295 453 1392 531 prs,
1419 455 1464 514 16.

243 637 273 699 B
299 639 371 715 531)
390 639 441 715 3¹).
477 642 622 700 Redeunt
643 641 694 700 hic
717 637 871 718 quinque
892 641 990 716 cippi,
1023 643 1099 715 quot
1121 640 1162 699 ab
1183 641 1468 718 Amphictyonibus
1545 710 1548 715 ,

243 739 362 813 positos
393 756 463 796 esse
494 739 714 796 demonstrare
745 739 849 797 conati
882 756 1004 797 sumus.
1043 739 1130 797 Haec
1152 740 1257 797 autem
1279 741 1365 798 extat
1385 739 1468 797 diiii·

243 837 360 912 cultaS,
394 836 481 911 quod
507 836 719 912 epigramma,
754 837 845 895 cuius
874 836 1040 895 exordium
1061 835 1100 911 32)
1130 836 1317 895 laudaverat
1346 837 1468 911 Apollo·

242 935 361 1008 dorus,
400 931 621 994 Locrensium
655 935 722 1009 est,
761 951 842 1008 quos
874 934 1025 1008 peculiari
1057 936 1263 992 monumento
1295 934 1468 993 honoratos

242 1050 311 1091 esse
332 1031 397 1092 n'on
418 1032 577 1108 apparuit.
612 1031 701 1100 Quae
722 1031 895 1091 difficultas
917 1032 1008 1091 facile
1021 1032 1180 1106 solvitur,
1213 1031 1240 1089 si
1262 1034 1465 1107 reputamuS,

241 1131 400 1205 quomodo
430 1130 611 1205 Apollodori
642 1129 806 1189 annotatio
837 1132 906 1188 orta
938 1147 1009 1188 esse
1040 1129 1195 1188 videatur.
1234 1129 1468 1189 Grammaticus

241 1229 325 1287 enim
346 1229 428 1288 duas
450 1245 501 1286 res
523 1228 668 1286 diversas
689 1228 869 1302 percepisse
890 1226 1025 1302 videtur,
1050 1244 1132 1301 quas
1147 1225 1263 1285 iniuria
1275 1227 1467 1286 conciliavit:

242 1327 329 1385 novit
350 1327 563 1402 epigramma,
588 1326 673 1400 quod
696 1326 728 1384 in
751 1326 974 1400 Locrensium,
999 1325 1054 1399 qui
1076 1325 1108 1382 in
1130 1324 1351 1400 Thermopylis
1373 1325 1467 1384 inter·

241 1425 311 1484 fecti
333 1427 456 1499 essent,
481 1425 634 1482 honorem
656 1423 818 1482 conditum
840 1440 911 1481 esse
931 1423 1175 1496 perhibebatur,
1200 1422 1288 1481 novit
1308 1441 1348 1481 ex
1370 1424 1467 1499 scrip-

242 1527 308 1581 tore
336 1522 519 1598 geographo
548 1523 597 1580 vel
622 1539 661 1580 ex
683 1521 841 1596 periegcta
863 1555 900 1560 —
923 1537 1018 1595 quem
1040 1520 1220 1590 accuratius
1241 1519 1382 1579 indicare
1403 1539 1468 1580 non

241 1637 414 1695 possumus
446 1653 479 1660 —
507 1621 539 1678 in
562 1619 784 1694 Thermopylis
806 1619 948 1692 quinque
969 1618 1078 1692 cippos
1100 1620 1217 1676 extare.
1252 1618 1352 1693 Quid,
1382 1619 1467 1693 quod

241 1737 303 1777 non
336 1717 493 1778 dubitavit
524 1719 606 1778 duas
638 1719 708 1776 ilias
741 1734 791 1776 res
820 1717 863 1775 ita
891 1716 1101 1792 coniungere,
1135 1719 1172 1773 ut
1199 1715 1231 1773 in
1261 1716 1467 1775 Locrensium

242 1816 425 1874 memoriam
453 1833 563 1875 uuum
592 1833 628 1875 cr
657 1812 812 1892 quinque
837 1811 910 1873 iliis
931 1811 1042 1890 cippis
1063 1812 1201 1888 positum
1223 1831 1294 1871 esse
1315 1813 1466 1888 putaret?

243 1914 374 1987 Strabo,
407 1932 479 1972 cum
507 1914 547 1972 de
573 1913 793 1988 Thermopylis
821 1912 899 1987 ipsis
928 1912 983 1970 IX.
1014 1912 1042 1970 4.
1072 1911 1109 1970 16
1137 1929 1167 1985 p.
1192 1912 1251 1969 429
1279 1912 1464 1987 dissereret,

241 2030 344 2087 neque
371 2030 542 2071 numerum
570 2012 736 2087 cipporum
763 2028 866 2085 neque
887 2012 1013 2085 praeter
1037 2009 1214 2084 Spartiatas
1236 2008 1467 2067 celebratarum

240 2110 382 2185 gentium
411 2111 540 2169 nomina
568 2109 711 2169 adduxit.
747 2109 796 2168 Ibi
817 2109 902 2166 enim
924 2126 988 2167 non
1011 2107 1199 2182 Apollodoro
1221 2106 1277 2164 scd
1298 2107 1360 2165 alio
1381 2108 1467 2165 fonte

241 2225 320 2266 usus
342 2211 389 2266 est
413 2207 465 2284 (ci.
493 2206 511 2285 ξ
535 2207 598 2283 46).

280 2306 372 2374 Quod
410 2307 594 2365 Herodotus
632 2308 713 2382 tres,
758 2305 873 2364 Strabo
910 2302 1147 2380 (Apollodorus)
1184 2305 1290 2362 autem
1325 2306 1468 2380 quinque

240 2404 405 2462 columnas
433 2404 708 2477 commemoravit,
740 2403 771 2460 id
800 2421 838 2461 ex
863 2421 899 2461 eo
920 2403 1018 2478 igitur
1040 2402 1262 2477 explicandum
1285 2404 1349 2476 est,
1381 2403 1467 2476 quod

240 2502 323 2559 iliius
352 2505 497 2561 auctores
528 2500 585 2577 (so.
617 2502 745 2560 traditio
776 2499 948 2576 Spartana)
978 2501 1153 2575 epitaphia,
1185 2517 1267 2574 quae
1293 2500 1380 2574 ipsos
1402 2518 1466 2559 non

241 2600 443 2674 spectabant,
474 2603 667 2674 omiserunt,
692 2601 808 2659 horum
830 2601 936 2657 autem
957 2600 1068 2657 auctor
1089 2615 1216 2672 omneS,
1241 2615 1322 2672 quos
1345 2598 1467 2656 viderat

240 2697 365 2772 cippos,
400 2697 538 2756 tradidit.
575 2697 696 2772 Bergk,
731 2696 786 2770 qui
818 2696 851 2754 in
882 2695 1044 2770 prioribus
1076 2695 1267 2753 editionibus
1299 2695 1467 2754 Strabonis

240 2795 457 2869 Herodotique
478 2795 658 2854 testimonia
679 2795 761 2852 inter
783 2811 817 2852 se
838 2793 1005 2852 conciliare
1026 2792 1193 2851 studuerat
1214 2793 1274 2868 ita,
1299 2794 1335 2851 ut
1356 2791 1466 2851 ‘Hero-

239 2893 349 2951 dotum
384 2893 484 2952 videri
520 2893 689 2967 praecipua
724 2895 848 2951 tantum
884 2891 1094 2966 delibavisse,
1133 2891 1260 2950 omissis
1292 2909 1374 2965 quae
1404 2892 1466 2965 ipsi

241 2991 345 3048 minus
361 2991 472 3066 gravia
488 2989 683 3050 viderentur’
701 2993 843 3064 putaret,
868 2990 899 3047 in
916 2991 1031 3063 quarta
1046 2988 1131 3046 illam
1147 2989 1277 3047 minime
1291 2989 1467 3047 absurdam

239 3088 419 3161 opinionem
448 3089 552 3147 reiecit
580 3089 774 3164 protulitque
804 3087 848 3163 (p.
873 3084 963 3162 429),
996 3104 1077 3160 quae
1104 3087 1204 3145 multo
1225 3086 1328 3162 magis
1350 3105 1368 3144 a
1391 3104 1466 3144 vero

238 3185 350 3243 abesse
372 3185 535 3244 videntur:
561 3185 589 3245 ‘a
611 3185 766 3260 principio
787 3187 912 3259 praeter
934 3183 1098 3259 Megistiae
1119 3186 1360 3242 monumentum
1384 3184 1467 3242 duae

239 3285 363 3341 tantum
391 3283 473 3357 pilae
501 3282 804 3359 Peloponnesiorum
833 3285 863 3340 et
887 3282 1120 3356 Spartanorum
1143 3281 1314 3340 memoriae
1335 3281 1466 3340 fuerunt

238 3383 450 3440 consecratae.
484 3382 731 3457 Amphictyones
766 3381 863 3456 igitur
897 3381 1131 3454 Spartanorum
1166 3378 1398 3464 importunitati
1430 3397 1466 3438 ac

239 3478 408 3551 superbiae
434 3479 574 3538 obsecuti
605 3480 836 3553 ThespienseS,
868 3495 1006 3552 quorum
1037 3477 1139 3535 virtus
1170 3477 1338 3552 Spartanis
1359 3477 1466 3552 acqui-

238 3575 381 3648 paranda
413 3576 489 3651 fuit,
523 3595 583 3635 suo
614 3578 734 3636 honore
765 3577 1012 3634 fraudaverunt:
1045 3575 1084 3633 de
1116 3575 1175 3633 hac
1205 3574 1322 3633 iniuria
1355 3574 1466 3632 merito

238 3673 403 3746 conquesti
433 3673 644 3748 Thespienses
675 3676 784 3750 postea
816 3669 1084 3748 impetraverunt,
1117 3674 1152 3729 ut
1174 3671 1233 3730 sibi
1255 3670 1360 3729 liceret
1382 3671 1466 3728 oclu-

270 3911 306 3968 31)
340 3913 378 3962 Gi.
397 3913 488 3975 Nicsc,
508 3913 659 3976 Apollodors
678 3914 849 3963 (lonnnantar
864 3930 923 3963 auin
941 3914 1158 3975 Schill'shataloge
1174 3914 1213 3960 ais
1228 3912 1321 3970 Queiic
1336 3910 1466 3972 Strabo‘s,

239 3998 287 4046 nh.
305 3997 370 4046 nus.
388 3996 429 4046 sa.
447 3996 512 4046 ism
532 4013 555 4060 p.
573 3997 621 4046 cor
640 4014 711 4062 sqq.;
731 3999 864 4049 sensam
883 3985 944 4048 rw.
958 4025 985 4032 -
998 3999 1047 4048 an.
1068 3999 1084 4046 ι.
1103 3995 1177 4059 asor,
1195 3997 1234 4045 a).

270 4079 305 4141 32)
340 4082 521 4146 Epigramma,
545 4083 614 4145 quod
638 4084 707 4132 inter
731 4083 882 4134 Simonides
900 4083 956 4144 <utu
980 4084 1072 4131 referri
1095 4083 1175 4143 solet,
1200 4082 1268 4130 viros
1285 4082 1373 4129 doctos
1393 4082 1467 4130 vaide

237 4167 354 4216 exercuit
371 4172 475 4230 propter
494 4167 672 4228 praedicatum
691 4169 761 4230 qmni
780 4169 861 4218 deest.
881 4169 935 4216 lam
956 4170 981 4216 in
1000 4167 1102 4217 codices
1119 4165 1308 4215 Strabonianos
1326 4166 1465 4215 sciolorum

238 4251 399 4313 irrepserunt
420 4252 598 4314 corriecturne,
623 4253 670 4314 qui
689 4253 797 4302 verbum
816 4250 925 4302 κεύθειν
944 4254 1026 4301 latero
1047 4251 1176 4314 putabant
1194 4252 1220 4299 in
1239 4252 1367 4314 adjectivo
1384 4247 1466 4300 εὐθυ-

238 4331 334 4396 νόμων.
363 4335 486 4386 ilodierui
505 4337 614 4399 pedibus
631 4344 697 4386 curii
715 4338 741 4385 in
762 4339 885 4386 lieinehii
904 4338 1065 4386 sententiam
1084 4338 1111 4384 in
1131 4337 1260 4397 particula
1276 4334 1339 4383 ποτέ
1358 4337 1466 4385 verbnm

237 4417 317 4467 ποθεῖ
343 4423 502 4484 quaerentis.
539 4423 611 4480 Quae
637 4424 790 4472 corriectrua
815 4425 866 4472 iam
894 4423 952 4471 idco
979 4428 1020 4470 est
1048 4422 1195 4484 reicienda,
1224 4423 1293 4484 quod
1321 4417 1384 4468 ποτέ
1410 4428 1468 4483 post
1509 4435 1512 4439 ·

239 4520 379 4566 pronomen
405 4506 641 4556 demonstrativum
669 4509 892 4572 epigrammatum
921 4513 961 4557 est
988 4508 1131 4570 proprium.
1162 4506 1259 4555 Verum
1286 4507 1339 4554 iarn
1367 4507 1467 4554 viderat

240 4589 339 4652 Bergk,
367 4605 531 4654 quarnquam
563 4593 687 4642 Meinehii
716 4595 895 4659 coniecturam
924 4594 1036 4656 recepit:
1066 4592 1160 4642 Strabo
1186 4590 1381 4654 (Apollodorus)
1406 4607 1465 4639 eam

240 4681 342 4724 tantum
369 4681 471 4739 partem
498 4677 697 4741 epigrammatis
720 4679 852 4741 laudavit,
878 4693 931 4741 qua
955 4679 978 4727 ei
1003 4693 1068 4741 opus
1093 4683 1163 4739 erat,
1190 4677 1223 4725 de
1246 4678 1330 4725 altero
1354 4676 1465 4724 disticho

239 4772 352 4808 securus.
