3572 5716
801 506 857 565 231
1229 507 1248 585 9
1273 508 1440 570 999-999.

256 692 294 749 19
323 691 434 750 9919919
462 692 700 767 epigrammatis
727 692 893 768 proprium
923 693 1087 752 Collectori
1113 694 1265 753 iudicium
1287 696 1441 755 utendum

216 794 291 848 erat.
317 789 479 864 Imprimis
501 807 571 864 epp.
593 790 632 848 ad
655 807 706 848 res
728 790 761 848 in
780 790 861 849 bello
876 790 997 850 Medico
1012 794 1118 866 gestas
1134 792 1286 851 ascivisse
1301 793 1440 867 videtur;

216 887 307 945 99199
334 887 407 945 belli
435 887 608 963 principem
637 890 762 962 poetam
790 889 1084 963 epigrammaticum
1117 889 1218 948 fuisse
1248 891 1442 950 Simonidem

215 987 244 1042 et
265 985 354 1043 locus
376 985 577 1043 Herodoteus
598 988 628 1044 et
649 986 734 1044 fama
756 986 865 1044 testari
888 986 1079 1045 videbantur
1102 987 1155 1064 (91.
1179 986 1198 1064 ς
1220 986 1301 1063 132).
1327 990 1441 1048 Utrum

215 1087 320 1141 autem
358 1083 481 1158 omnia,
524 1101 606 1158 9999
644 1084 671 1142 91
711 1087 838 1158 9999919
876 1087 999 1160 essent,
1035 1103 1106 1159 epp.
1142 1085 1252 1144 bellica
1287 1086 1442 1147 Simonidi

213 1180 427 1256 inscripserit,
459 1199 500 1239 an
529 1182 689 1256 consulto,
721 1200 804 1255 quae
831 1183 858 1240 ei
885 1200 903 1240 a
933 1182 1095 1240 Simonide
1116 1183 1217 1242 aliena
1240 1183 1438 1261 viderentur,

215 1279 394 1354 secluserit,
419 1297 478 1354 pro
499 1282 584 1338 certo
598 1281 748 1339 constitui
763 1281 882 1354 nequit.
908 1280 988 1340 Cum
1006 1283 1112 1339 tamen
1126 1297 1215 1356 999,
1241 1283 1347 1356 999119
1363 1285 1442 1341 9991

215 1377 466 1453 Eurymedontia
496 1377 552 1436 105
573 1380 603 1436 et
626 1378 682 1436 142
705 1381 801 1452 91999
822 1378 1013 1436 Atheniense
1035 1378 1106 1453 108,
1131 1397 1214 1454 9999
1234 1380 1275 1438 99
1298 1397 1348 1438 999
1370 1383 1442 1455 9991

216 1474 411 1534 Simonidem
450 1477 612 1533 mortuum
648 1479 755 1551 gestas
794 1477 969 1552 pertinent,
1011 1479 1122 1551 poetae
1157 1477 1341 1536 adiudicare
1376 1496 1440 1536 non

213 1572 423 1649 dubitaverit,
448 1574 535 1642 haud
557 1591 681 1634 summa
703 1575 849 1634 cautione
870 1593 906 1633 ac
927 1575 1088 1650 diligentia
1111 1592 1191 1633 usus
1212 1592 1284 1634 9999
1302 1576 1437 1635 videtur.

214 1671 259 1729 Ea
281 1672 321 1730 de
342 1689 439 1731 causa
461 1672 606 1731 existimo
628 1689 701 1731 eum
723 1691 786 1731 non
809 1673 992 1748 seposuisse
1006 1690 1076 1748 epp.
1095 1673 1136 1731 ad
1149 1673 1266 1731 bellum
1282 1674 1439 1733 Medicum

212 1770 402 1844 pertinentia
431 1773 517 1845 apud
539 1773 699 1830 auctorem
721 1771 789 1829 eius
812 1771 978 1845 Ephorum
999 1771 1128 1829 laudata
1150 1770 1205 1850 90,
1232 1770 1304 1846 135,
1332 1771 1388 1830 139
1410 1774 1440 1832 91
1554 1809 1556 1814 -

213 1885 260 1941 ep.
288 1867 489 1926 Sinronideae
512 1869 606 1928 aetati
629 1886 750 1943 suppar
772 1870 857 1944 apud
879 1869 1076 1928 Herodotum
1099 1868 1228 1926 obvium
1254 1868 1326 1944 132,
1357 1886 1440 1942 quae

213 1968 337 2024 tantum
355 1983 516 2041 anonyma
535 1966 575 2025 ad
594 1984 653 2025 nos
671 1970 887 2041 pervenerunt
907 1965 960 2043 (91.
977 1966 996 2044 ἓ
1015 1967 1070 2026 133
1087 1964 1163 2041 99.)
1189 1967 1438 2040 Nonnumquam

213 2064 381 2137 peculiaris
410 2082 506 2123 causa
535 2066 707 2124 accessisse
737 2066 877 2140 videtur,
909 2083 967 2124 our
990 2083 1038 2139 99,
1060 2065 1188 2138 aliquod
1213 2064 1367 2123 Simonidi
1389 2083 1439 2123 99-

212 2165 368 2234 99999991;
402 2164 499 2221 991911
527 2163 560 2220 19
589 2164 720 2237 proclivi
748 2166 815 2222 erat
846 2163 1001 2222 Simonidi
1028 2162 1169 2221 tribuere
1196 2179 1267 2237 epp.
1297 2162 1440 2237 quinque

214 2259 414 2320 CorInthiaca
435 2263 465 2319 et
485 2262 721 2337 Megarensium
743 2261 939 2336 epitaphium
962 2260 1035 2336 107,
1060 2261 1146 2334 quod
1164 2263 1257 2335 poeta
1275 2261 1307 2318 19
1323 2260 1438 2318 horum

213 2357 365 2416 honorem
394 2358 551 2434 hymnum
576 2360 807 2433 composuisset
830 2358 950 2435 (Schol.
972 2360 1102 2417 Theocr.
1127 2359 1199 2417 XII.
1221 2359 1269 2433 27,
1294 2358 1333 2416 91.
1358 2356 1377 2434 §
1400 2357 1439 2416 40

213 2473 242 2512 n.
268 2454 318 2531 3),
349 2457 420 2514 11199
448 2457 481 2514 19
509 2457 607 2532 elegia
638 2455 690 2533 (19.
713 2458 750 2516 34
773 2459 826 2528 Β.)
850 2457 1083 2516 celebravisset.
1120 2456 1239 2516 Deinde
1261 2456 1439 2530 respexisse

214 2554 338 2612 videtur
360 2573 396 2613 ea
417 2555 663 2630 epigrammata,
695 2574 777 2630 9999
798 2556 942 2614 homines
965 2555 1167 2630 spectabant,
1195 2553 1314 2629 quibus
1338 2553 1438 2612 Simo·

213 2652 302 2710 91999
338 2652 541 2711 familiariter·
571 2671 652 2712 usus
687 2671 757 2712 esse
790 2653 995 2728 tradebatur,
1013 2722 1015 2726 ¹
1034 2671 1059 2712 e.
1085 2671 1115 2728 g.
1151 2670 1198 2727 ep.
1236 2652 1312 2727 138,
1352 2652 1438 2725 quod

213 2750 391 2809 Pausanias
414 2752 574 2810 communi
596 2752 789 2811 Graecorum
812 2752 945 2810 donario
966 2754 1039 2826 post
1061 2751 1277 2810 Plataeensem
1295 2745 1437 2825 pugnam

212 2848 342 2907 inscribi
371 2849 481 2924 iussit,
513 2851 598 2923 quod
626 2868 674 2925 cp.
706 2851 800 2908 etiarn
821 2854 951 2924 propter
973 2852 1198 2925 argumentum
1221 2848 1438 2922 recipiendum

211 2949 291 3019 e1·at;
322 2964 392 3021 epp.
428 2947 646 3006 Pisistratidas
674 2948 849 3022 spectantia
879 2965 922 3006 sc.
953 2964 1001 3021 ep.
1035 2946 1088 3004 111
1119 2947 1151 3003 in
1183 2946 1318 3021 Hippiae
1339 2945 1437 3004 tiliam

212 3043 417 3103 Arohedicam
447 3078 486 3086 —
513 3046 575 3104 iarn
607 3046 825 3105 Simonideum
853 3046 940 3120 apud
968 3045 1166 3103 Aristotelem
1195 3076 1234 3086 -
1262 3046 1358 3119 atque
1385 3061 1433 3117 ep.

213 3141 266 3200 131
300 3143 332 3199 19
366 3143 575 3203 Harmodium
605 3147 635 3202 et
662 3145 918 3219 Aristogitonem.
956 3143 1124 3216 Difficilius
1153 3142 1238 3201 dictu
1268 3145 1333 3216 est,
1359 3141 1436 3215 quid
1468 3197 1472 3204 .

211 3243 339 3298 secutus
377 3241 418 3299 sit
456 3241 489 3298 in
527 3242 765 3318 epigrammatis
804 3242 1003 3317 privatorum
1038 3241 1070 3298 in
1103 3241 1255 3299 honorem
1281 3239 1432 3299 conditis

211 3338 353 3411 Epinicia
381 3339 610 3414 epigrammata
638 3340 671 3398 in
700 3357 817 3415 pueros
846 3340 1013 3415 Aeginetas
1045 3338 1201 3414 Sogenem
1232 3335 1317 3414 (166)
1341 3339 1437 3411 atque

210 3435 428 3511 Theognetum
462 3436 547 3514 (149)
580 3455 653 3497 eum
684 3439 755 3497 ideo
786 3437 943 3513 recepisse
973 3437 1158 3511 9991999919,
1199 3437 1285 3510 9999
1317 3435 1349 3492 19
1382 3451 1436 3492 999

209 3536 354 3598 extarent
378 3533 549 3593 Simonidis
564 3536 696 3610 epinicia
712 3537 862 3595 carmina.
880 3536 950 3603 Qua
966 3538 1129 3611 praeterea
1144 3535 1271 3592 levitate
1289 3535 1435 3591 versatus

210 3633 249 3690 sit
277 3632 310 3689 in
339 3633 577 3707 epigrammatis
605 3634 690 3708 apud
713 3635 884 3708 scriptores
907 3633 1009 3692 obviis
1033 3631 1189 3691 Simonidi
1210 3631 1432 3707 assignandis,

209 3729 321 3789 docent
349 3748 419 3805 epp.
452 3731 515 3789 duo
543 3732 575 3790 in
605 3732 797 3790 Pausaniam
827 3735 923 3806 atque
947 3732 1102 3790 Aaronem
1124 3729 1264 3791 medicos
1283 3728 1323 3787 ab
1344 3745 1381 3786 eo
1403 3728 1434 3786 in

212 3827 360 3903 Syllogen
382 3828 597 3889 Simonideam
616 3832 757 3906 recepta,
779 3847 974 3904 quamquam
993 3829 1025 3886 in
1041 3829 1109 3887 eius
1124 3829 1211 3886 19919
1226 3826 1435 3901 Empedoclea

209 3926 395 3984 auctoritate
427 3929 539 3992 ornata
575 3931 675 3986 erant.
715 3929 829 3987 Utrum
864 3928 904 3987 ad
930 3926 1054 3986 dicendi
1083 3925 1237 3984 rationem
1267 3924 1436 3982 attenderit

209 4040 323 4098 necne,
348 4024 431 4083 911191
454 4026 572 4098 nequit.

248 4122 317 4180 lam
346 4122 485 4181 vidimus
515 4122 533 4200 ξ
564 4123 619 4198 26,
649 4141 706 4182 999
734 4141 904 4182 numerum
933 4123 1201 4198 epigrammatum
1223 4138 1241 4178 a
1264 4120 1436 4180 collectore

208 4219 276 4278 iure
300 4219 455 4278 Simonidi
476 4220 704 4279 attributorum
727 4222 936 4296 perexiguum
958 4238 1028 4278 esse
1046 4236 1175 4278 necesse
1193 4218 1243 4276 sit.
1268 4217 1435 4286 Quatenus

208 4319 312 4375 autem
346 4317 509 4377 Collectori
538 4318 619 4376 11999
649 4320 689 4377 911
717 4319 863 4378 habenda
891 4319 1120 4393 epigrammata
1151 4316 1305 4376 Simonidi
1334 4316 1435 4374 vindi-

208 4416 307 4490 canti,
332 4415 365 4473 in
387 4417 484 4475 911999
505 4416 603 4475 huius
626 4417 899 4476 commentationis
921 4419 1027 4491 parte,
1052 4433 1135 4490 quae
1153 4415 1211 4474 erit
1226 4415 1266 4473 de
1279 4415 1435 4489 epigram-

209 4516 329 4573 matum
358 4513 615 4573 Simonideorum
644 4518 745 4574 aetate
773 4518 868 4590 atque
893 4515 1031 4590 origine,
1063 4515 1239 4588 exponetur
1270 4512 1322 4589 (91.
1350 4510 1369 4588 ς
1397 4511 1435 4570 20

208 4628 237 4684 9.
260 4609 324 4686 32).

248 4709 266 4786 ζ)
298 4710 364 4769 136.
415 4709 572 4784 Quorum
602 4727 677 4786 epp.
712 4713 838 4770 1991999
867 4709 1053 4770 9991999911
1082 4708 1256 4769 Collector.
1302 4711 1351 4767 Ex
1372 4711 1434 4783 cpi·

208 4808 392 4881 grammatis
420 4809 458 4868 34
488 4808 522 4886 (ἓ
549 4806 638 4883 133),
671 4810 805 4883 quaein
831 4809 958 4885 Sylloge
982 4809 1162 4868 Simonidea
1185 4808 1263 4867 lecta
1286 4825 1355 4866 esse
1378 4807 1434 4865 sci-
