3572 5716
381 501 456 577 Cap.
481 499 549 576 111,
575 501 621 560 19.
964 498 1021 560 180
1092 515 1095 524 ¹

379 687 660 764 chartophylacis,
690 690 726 747 ut
755 687 880 746 videtur
911 687 963 765 (01.
991 687 1125 748 Stadtm.
1151 686 1185 748 ΙΙ
1213 706 1243 763 p.
1269 687 1346 749 XIV
1369 707 1417 764 sq.
1447 693 1477 749 et
1506 707 1602 766 supra

381 785 492 864 593),
522 785 694 861 exemplari
717 769 858 861 petitum.
894 787 1008 860 Itaque
1029 804 1093 845 nou
1114 804 1153 845 ex
1175 787 1333 864 Meleagro
1355 790 1520 864 sumptum
1541 793 1601 863 est;

378 887 465 961 quod
486 885 648 961 praeterea
669 901 705 942 eo
726 884 979 958 demonstratur,
1004 885 1090 959 quod
1107 884 1258 943 abhorret
1276 903 1293 944 a
1312 889 1490 946 ceterorum
1508 887 1602 945 huius

379 983 471 1042 seriei
501 984 701 1042 Simonideae
728 985 758 1041 et
784 983 881 1042 totius
903 983 995 1041 seriei
1017 983 1218 1058 Cephalanae
1240 982 1426 1060 (226-259)
1449 985 1602 1060 epigram·

379 1082 500 1139 matum
522 1083 711 1157 argumento
730 1080 787 1158 (so.
805 1081 838 1138 in
858 1082 944 1140 viros
963 1079 1090 1156 iortes);
1112 1083 1181 1139 turn
1201 1081 1380 1156 neglegitur
1397 1082 1429 1140 ln
1448 1083 1602 1158 epigram-

378 1180 500 1237 matum
518 1179 753 1254 computatione
769 1178 885 1238 codicis
904 1179 1056 1251 Palatini,
1080 1179 1195 1238 lemma
1212 1179 1349 1253 denique
1366 1179 1602 1255 epigrammatis

378 1276 436 1336 255
458 1278 585 1352 respicit
606 1279 647 1336 ad
668 1278 783 1337 lemma
804 1294 852 1352 ep.
872 1277 940 1337 254.

418 1376 551 1434 Restant
579 1393 649 1451 epp.
681 1378 760 1434 octo.
796 1375 870 1434 Tria
898 1375 1001 1449 prima
1031 1372 1119 1451 (VII.
1148 1371 1320 1449 248-250)
1350 1374 1413 1432 iam
1441 1393 1480 1433 ex
1507 1376 1602 1434 tradi-

377 1473 462 1532 tione
492 1472 514 1532 S
545 1472 580 1551 (§
603 1471 654 1549 99)
683 1473 716 1531 10
740 1473 869 1548 Sylloge
890 1472 1024 1531 affuisse
1045 1472 1183 1543 constat;
1213 1471 1361 1529 ultimum
1382 1489 1431 1546 ep.
1450 1470 1524 1532 VII.
1545 1473 1602 1532 258

380 1569 695 1647 (Eurymedontium)
725 1588 789 1629 000
819 1570 996 1645 neglectum
1021 1586 1092 1627 esse
1113 1586 1132 1627 a
1154 1568 1325 1628 Collectore
1346 1569 1517 1628 verisimile
1536 1575 1599 1646 est,

269 1681 271 1686 ’
378 1686 470 1744 quem
489 1669 632 1727 eiusdem
650 1668 829 1744 argumenti
848 1685 895 1743 ep.
915 1665 989 1727 VII.
1007 1666 1065 1726 296
1086 1665 1178 1743 (810.
1198 1664 1269 1742 142)
1290 1666 1447 1741 recepisse
1464 1669 1601 1727 sciamus

377 1784 416 1825 ex
443 1768 524 1826 trad.
555 1767 588 1826 S.
623 1768 709 1842 Ergo
738 1767 829 1830 valde
856 1763 1020 1840 probabile
1047 1769 1095 1823 est
1123 1766 1206 1824 hauc
1234 1765 1418 1824 continuam
1447 1767 1559 1825 seriem
1584 1785 1601 1826 a

378 1865 535 1940 Meleagro
556 1867 654 1924 totam
676 1883 714 1924 ex
739 1864 866 1940 Sylloge
887 1866 1068 1939 excerptam
1089 1865 1122 1922 iu
1145 1864 1360 1938 Cephalanam
1381 1861 1600 1938 Anthologiam

376 1965 565 2024 translatam
597 1981 676 2023 esse.
711 1964 800 2032 Quae
832 1964 971 2038 suspicio
999 1980 1036 2021 00
1063 1963 1249 2021 confirmari
1276 1963 1416 2038 videtur,
1450 1963 1536 2037 quod
1563 1980 1600 2021 ex

377 2065 528 2138 quattuor
559 2063 817 2138 epigrammatiS,
856 2079 939 2136 quae
968 2079 1055 2120 nunc
1086 2061 1179 2120 unice
1208 2079 1248 2119 ex
1278 2061 1389 2120 ordine
1422 2059 1600 2120 Simonideo

379 2158 527 2236 Syllogae
561 2159 761 2220 Simonideae
792 2159 1013 2218 adiudioamus
1046 2156 1134 2234 (VII.
1166 2158 1245 2233 251,
1279 2158 1337 2218 253
1350 2187 1358 2233 ,
1393 2158 1471 2236 254,
1506 2156 1596 2233 257),

376 2257 440 2316 duo
471 2256 559 2334 (251,
591 2255 663 2333 253)
693 2275 732 2315 ex
760 2257 935 2316 imitatione
962 2256 1143 2315 Mnasaloae
1170 2273 1299 2330 000000
1327 2256 1354 2314 01
1382 2256 1600 2315 attribuuntur

378 2353 485 2429 (etiam
514 2354 660 2412 ultimum
687 2372 735 2429 ep.
759 2353 847 2430 258),
879 2355 917 2413 01.
942 2352 961 2430 ξ
985 2353 1052 2412 103.
1084 2385 1122 2394 -
1153 2353 1251 2413 Seriei
1275 2353 1475 2438 Simonideae
1496 2355 1598 2413 sivea

376 2450 515 2525 Oephala
544 2451 611 2509 sive
638 2485 677 2492 -
705 2453 791 2526 quod
819 2452 925 2526 potius
953 2452 1047 2510 credo
1075 2485 1114 2492 —
1128 2469 1160 2510 -a
1185 2453 1344 2528 Meleagro
1364 2453 1435 2527 ipso
1455 2453 1520 2511 duo
1541 2450 1597 2509 alia

376 2565 446 2623 epp.
469 2547 640 2624 (Antipatri
659 2548 733 2608 VII.
755 2549 830 2624 252,
855 2550 1002 2625 Aeschyli
1021 2547 1094 2608 VII.
1117 2547 1189 2625 255)
1212 2550 1380 2609 interserta
1403 2552 1495 2624 sunt,
1520 2565 1599 2622 quae

376 2646 565 2704 sententiam
583 2647 745 2720 quandam
764 2664 836 2705 cum
855 2665 903 2721 ep.
919 2645 993 2707 VII.
1012 2646 1068 2707 251
1088 2664 1289 2706 communem
1307 2647 1435 2706 habent.
1460 2647 1597 2705 Platonis

375 2745 481 2802 autem
510 2745 731 2819 epigrammati
760 2742 834 2805 VII.
862 2745 921 2804 256
949 2745 1122 2820 primarius
1150 2745 1239 2803 locus
1261 2745 1361 2803 fuisse
1383 2745 1509 2804 videtur
1529 2745 1597 2818 post

375 2858 423 2915 ep.
442 2839 516 2900 VII.
538 2841 610 2915 2583
634 2859 697 2916 qua
719 2843 759 2900 de
779 2860 813 2901 re
835 2843 897 2901 vid.
919 2860 1027 2918 supra.

415 2939 483 2997 Iam
515 2957 572 3015 per
603 2957 637 2998 se
668 2939 831 3014 probabile
861 2944 909 2999 est
939 2941 971 2998 in
1005 2941 1130 3000 Corona
1162 2941 1233 3000 Mel.
1265 2942 1348 2999 hanc
1375 2941 1596 3016 sepulcralium

375 3036 641 3112 epigrammatum
671 3037 927 3097 Simonideorum
950 3039 1063 3097 seriem
1085 3039 1268 3097 continuam
1290 3039 1383 3113 plura
1404 3040 1595 3115 complexam

374 3151 444 3192 esse
471 3153 542 3210 epp.
570 3153 667 3210 quam
695 3140 765 3196 octo
792 3137 844 3195 illa
872 3137 905 3194 in
933 3138 995 3195 ΑΡ.
1024 3140 1165 3210 servata;
1188 3137 1457 3210 quemadmodum
1479 3137 1596 3197 donati·

375 3219 488 3291 vorum
517 3234 782 3308 epigrammatum
812 3233 1066 3293 Simonideorum
1095 3234 1200 3294 ordini
1230 3232 1318 3311 (VII.
1347 3234 1405 3293 212
1434 3234 1521 3311 sqq.)
1550 3253 1596 3294 ac·

374 3348 503 3389 censere
530 3333 713 3405 poteramus
743 3331 819 3391 Sim.
848 3350 896 3407 ep.
926 3332 997 3408 147,
1028 3333 1114 3407 quod
1142 3333 1175 3390 in
1202 3333 1346 3391 Palatino
1372 3350 1436 3392 non
1463 3334 1596 3409 amplius

374 3432 544 3502 comparet.
578 3430 680 3504 Atque
711 3447 821 3489 revera
853 3447 955 3488 unum
986 3449 1034 3506 ep.
1066 3431 1206 3489 indicare
1237 3421 1333 3506 posse
1363 3431 1442 3489 milri
1473 3432 1593 3507 videor,

374 3526 458 3600 quod
481 3528 567 3600 apud
589 3527 782 3603 Meleagrum
804 3528 837 3585 in
859 3530 969 3586 nostra
992 3529 1073 3587 serie
1093 3528 1208 3586 lectum
1231 3528 1281 3586 sit.
1313 3528 1484 3587 Videamus
1506 3529 1596 3586 modo

373 3626 637 3701 epigrammatum
661 3624 735 3685 VII.
756 3625 814 3684 248
822 3626 913 3685 --253
935 3626 1098 3685 lemmata:

752 3721 857 3782 Acta.
883 3722 957 3782 Pal.
1246 3722 1350 3782 Acta.
1376 3721 1476 3783 Plau.

374 3819 447 3880 VII.
473 3822 531 3881 248
612 3821 654 3888 εἷς
677 3819 750 3888 τοὺς
770 3818 847 3899 μετὰ
869 3818 986 3899 slew-l
1175 3820 1217 3887 εἰς
1238 3818 1310 3887 τοὺς
1331 3819 1364 3881 ἓν
1378 3817 1596 3898 Θερμοπύλαις

612 3917 701 3997 νίὸην
721 3917 963 3997 μαχεσαμένους
981 3917 986 3997 l
1174 3917 1338 3985 θανόντας.
1353 3945 1356 3956 ·

473 4018 530 4077 249
612 4014 693 4092 πρὸς
714 4013 843 4093 Πέρσας
864 4017 889 4074 L
913 4013 959 4092 [ἒν
981 4012 1061 4093 (dep-
1081 4014 1085 4094 Ι
1172 4014 1214 4082 εἰς
1235 4012 1307 4082 τοὺς
1328 4014 1451 4082 αὐτούς.

612 4111 769 4191 μοπύλαις
791 4114 862 4172 add.
885 4111 934 4190 Ol.

472 4213 531 4273 250
612 4211 653 4278 εἷς
674 4209 746 4278 τοὺς
767 4209 889 4279 αὐτούς.
1171 4210 1214 4278 εἰς
1234 4209 1307 4278 τοὺς
1328 4209 1451 4277 αὐτούς.

472 4311 528 4370 251
612 4308 654 4376 εἰς
674 4306 746 4376 τοὺς
767 4307 882 4376 αὐτοὺς
901 4307 979 4388 μετὰ
1001 4307 1093 4370 Aem-
1171 4308 1214 4376 εἰς
1234 4307 1307 4377 τοὺς
1328 4308 1451 4376 αὐτούς.

612 4404 699 4466 νίδου
721 4405 880 4475 πεσόντας.

471 4507 529 4565 252
611 4504 654 4572 εἰς
674 4502 746 4572 τοὺς
767 4504 889 4573 αὐτούς.
1365 4539 1404 4549 -

471 4605 529 4664 253
610 4602 653 4670 εἷς
673 4601 745 4670 τοὺς
766 4601 889 4670 αὐτούς.
1172 4603 1214 4671 εἰς
1234 4601 1307 4670 τοὺς
1328 4602 1451 4670 αὐτούς.

372 4704 441 4761 Ηο0
462 4703 495 4760 10
516 4702 701 4760 lemmatum
723 4703 804 4761 serie
824 4704 907 4762 duae
928 4721 979 4761 res
1001 4704 1099 4762 miros
1121 4720 1179 4762 nos
1201 4704 1329 4762 habent.
1366 4705 1425 4778 Ep.
1444 4702 1519 4764 VII.
1539 4702 1594 4762 250

370 4803 517 4860 lemmate
535 4802 672 4860 refertur
688 4801 727 4860 ad
744 4802 1024 4877 Lacedaemonios,
1046 4803 1101 4877 qui
1121 4819 1184 4860 una
1203 4819 1276 4860 cum
1295 4802 1434 4861 Leonida
1452 4802 1485 4860 iu
1501 4802 1594 4861 Ther-
