3516 5712
751 481 788 540 91
1210 481 1230 559 0
1253 483 1381 544 51-54.

157 665 321 742 probabile
352 668 399 726 est
427 667 647 742 collectorem,
681 668 737 742 qui
765 671 868 728 cetera
897 686 967 744 epp.
1004 669 1205 729 Corinthiaca
1233 671 1385 744 quattuor

157 764 305 824 asciverit
333 796 372 806 -
399 782 501 823 unum
527 765 585 824 137
612 765 646 825 in
674 764 752 841 Syll.
777 783 795 824 a
817 766 945 826 Timaeo
965 767 1132 837 inventum
1154 785 1224 826 esse
1245 768 1385 827 vidimus

159 861 256 939 §32,
287 863 349 921 tria
371 862 422 939 97,
454 863 509 938 98,
542 863 598 922 134
626 863 660 921 in
688 863 757 922 eius
786 863 928 938 reliquiis
956 865 988 923 in
1011 866 1073 924 ΑΡ.
1098 866 1201 924 obviis
1222 869 1298 925 sunt
1320 885 1385 926 ser·

158 962 230 1019 vata
258 992 299 1001 —
327 961 491 1036 quintum,
523 961 610 1036 quod
637 961 876 1038 epigrammatis
904 962 943 1022 97
971 963 1012 1021 sit
1040 965 1208 1039 gemellum
1235 965 1386 1040 quodque

156 1076 221 1118 una
240 1050 317 1117 ¹cum
339 1059 450 1118 ceteris
471 1059 558 1134 apud
580 1059 746 1134 Ephorum
767 1059 939 1135 invenerit,
964 1061 1151 1136 neglexisse.
1182 1062 1285 1137 Atque
1306 1063 1386 1122 adeo

158 1155 177 1232 ὅ
201 1156 257 1215 161
282 1174 333 1215 me
354 1141 648 1216 demonstraturum
669 1174 740 1216 esse
761 1174 855 1232 spero
875 1157 908 1216 in
923 1158 1113 1236 Anthologia
1128 1161 1272 1220 Palatina
1288 1161 1385 1220 huius

156 1255 396 1330 epigrammatis
425 1255 558 1332 vestigia
586 1256 695 1314 extare
721 1255 754 1314 in
782 1256 930 1315 lemmate
957 1258 1196 1333 epigrammatis
1224 1259 1295 1318 VII.
1327 1259 1387 1318 250

158 1351 210 1428 (=
234 1351 312 1412 Sim.
337 1351 389 1429 97)
412 1351 455 1419 εἰς
475 1349 547 1419 τοὺς
568 1349 700 1428 αὐτούς,
724 1353 811 1427 qnod
833 1368 897 1412 non
920 1356 1038 1430 spectet
1059 1355 1100 1414 ad
1122 1373 1170 1430 ep.
1192 1357 1386 1430 praecedens

158 1449 252 1526 (Sim.
283 1449 337 1527 92)
367 1447 396 1511 ὦ
424 1449 519 1521 ξεῖν’
543 1449 717 1529 ἀγγέλλειν,
749 1453 804 1511 sed
833 1452 874 1510 ad
901 1453 1071 1528 gemellum
1099 1471 1147 1528 ep.
1172 1453 1211 1513 96
1240 1449 1268 1514 ὦ
1297 1453 1386 1524 ξένε

156 1547 312 1626 εὔυδρον,
350 1550 436 1624 quod
470 1549 592 1609 librarii
626 1566 734 1609 errore
770 1549 846 1626 (iam
882 1554 955 1610 ante
987 1553 1159 1626 cephalam
1194 1553 1227 1611 in
1260 1553 1385 1613 Corona

157 1648 334 1723 Meleagrea
362 1646 545 1723 commisso)
574 1650 705 1723 propter
730 1647 935 1708 exordiorum
957 1650 1195 1709 similitudinem
1217 1651 1385 1710 transmis-

158 1763 229 1803 sum
252 1745 303 1805 sit.

195 1844 246 1902 Ex
277 1844 388 1902 eodem
418 1843 523 1920 tonte,
562 1844 617 1918 qui
648 1845 676 1903 ei
708 1844 924 1920 suppeditavit
956 1845 1158 1906 Corinthiam
1190 1865 1261 1922 epp.
1297 1848 1381 1920 duo,

158 1942 338 2001 Favorinus
367 1942 517 2016 petivisse
545 1942 671 2001 videtur
699 1960 747 2018 ep.
780 1944 872 2019 Preg.
897 1943 955 2003 233
983 1969 1022 1992 =
1051 1944 1113 2004 AP.
1137 1945 1208 2003 VII.
1235 1945 1290 2004 153
1322 1945 1381 2022 (01.

160 2037 178 2116 §
206 2040 278 2116 38),
310 2058 359 2115 ep.
391 2040 482 2116 Preg.
515 2041 553 2100 25
580 2065 620 2089 =
646 2040 709 2100 ΑΡ.
734 2042 805 2100 VII.
836 2041 894 2101 304
925 2039 984 2118 (01.
1011 2040 1030 2119 ἓ
1053 2039 1124 2118 39),
1155 2059 1203 2117 ep.
1229 2044 1321 2118 Preg.
1347 2043 1384 2102 69

160 2136 217 2214 (or.
251 2137 270 2215 ἕ
302 2137 365 2214 15).
406 2139 493 2198 Usus
521 2139 619 2215 igitur
646 2156 717 2198 csse
744 2140 871 2200 videtur
899 2158 1003 2215 neque
1028 2142 1182 2216 scriptore
1209 2141 1316 2215 aliquo
1344 2142 1384 2200 ad

161 2236 310 2312 Syllogen
341 2237 555 2297 Simonideam
584 2237 760 2296 recurrenti
789 2255 893 2312 neque
915 2237 1043 2314 Sylloge
1063 2239 1149 2314 ipsa,
1182 2240 1238 2297 sed
1260 2239 1384 2298 Corona

159 2335 333 2410 Meleagrea
365 2333 417 2412 (01.
444 2335 463 2412 5
494 2336 585 2395 670.
611 2333 674 2410 65).
709 2336 802 2410 Apud
832 2337 964 2396 Dionem
993 2337 1259 2414 chrysostomum
1287 2338 1385 2398 huius

158 2432 304 2509 florilegii
326 2433 459 2493 adhibiti
481 2435 606 2494 nullum
627 2436 714 2493 extat
735 2435 915 2510 vestigium.

611 2638 640 2699 8.
686 2653 929 2700 narnansrro.

198 2825 289 2903 §5⁴1
335 2824 386 2886 De
421 2825 678 2904 Hephaestione
713 2826 885 2888 Coronam
919 2827 1150 2906 Meleagream
1185 2829 1382 2908 usurpanti.

160 2925 227 2983 Duo
254 2941 326 2999 epp.
357 2925 443 3000 apud
471 2925 740 3000 Hephaestionem
765 2927 939 2986 laudantur
961 2944 1061 3001 eaque
1084 2927 1258 2986 Simonidis
1279 2932 1385 2988 aucto·

160 3021 249 3082 ritate
270 3022 444 3098 instructa,
477 3040 559 3097 quae
581 3024 709 3083 abunde
730 3025 822 3084 nobis
844 3043 907 3084 non
931 3027 1006 3084 nota
1028 3027 1113 3084 sunt.
1150 3025 1226 3101 Cap.
1251 3027 1269 3083 4
1291 3045 1321 3101 p.
1348 3026 1386 3086 16

161 3121 299 3196 Westph.
317 3139 366 3196 ep.
386 3120 441 3179 131
463 3113 665 3196 reprehendit
685 3125 815 3198 propter
829 3140 944 3182 nomen
959 3124 1126 3198 proprium
1137 3119 1386 3201 Ἀριστο-γείτων

159 3236 213 3292 per
240 3219 323 3278 duos
350 3237 465 3278 versus
486 3220 627 3280 divisum
651 3220 728 3297 (πᾶν
748 3218 864 3298 μέτρον
885 3218 927 3287 εἰς
948 3217 1063 3280 τελείαν
1083 3223 1270 3297 περατοῦται
1291 3218 1385 3290 λέξιν,

160 3313 234 3376 ὅθεν
261 3314 413 3395 ἓιιίληιιτά
441 3315 502 3377 ἔστι
529 3315 565 3377 τὰ
594 3321 719 3378 τοιαῦτα
746 3315 987 3395 Σιμωνίδου
1016 3316 1057 3377 ἐκ
1089 3320 1165 3377 τῶν
1193 3316 1385 3396 ἐπιγραμ-

159 3411 326 3491 μάτων),
361 3433 429 3490 cap.
462 3416 499 3476 17
531 3434 561 3491 p.
593 3417 629 3476 61
662 3417 710 3475 W.
748 3416 836 3493 (inde
867 3418 978 3475 auctor
1008 3413 1079 3493 aspi
1109 3414 1285 3495 ποιήματος
1317 3434 1342 3475 0.
1367 3408 1401 3475 3'

159 3529 188 3586 p.
212 3512 249 3572 66
272 3510 337 3588 W.)
367 3531 415 3588 ep.
442 3513 499 3572 188
527 3531 585 3589 pro
613 3514 756 3588 exemplo
777 3514 871 3572 affert
891 3517 1041 3590 μετρικοῦ
1063 3512 1218 3573 animoa:
1245 3511 1386 3574 τοιοῦτόν

160 3607 296 3670 ἐστικαὶ
322 3607 363 3670 τὸ
390 3607 667 3688 Σιμωνίδειον
695 3609 942 3689 ἐπίγραμμα.

197 3709 265 3767 lam
294 3726 351 3784 per
377 3727 411 3768 se
435 3710 599 3785 probabile
619 3712 668 3769 est
691 3710 960 3784 Hephaestionem
981 3713 1011 3770 et
1033 3713 1153 3770 ceteros
1175 3728 1257 3786 quos
1278 3712 1385 3770 laudet

159 3823 271 3864 versus
299 3808 330 3865 et
351 3807 410 3865 hos
434 3807 633 3867 Simonideos
655 3825 719 3866 11011
741 3808 870 3867 chartae
891 3809 1062 3868 mandasse
1083 3808 1145 3867 nisi
1166 3827 1205 3868 ex
1226 3808 1384 3868 honorum

158 3903 312 3964 librorum
347 3905 542 3965 auctoritate.
585 3907 671 3982 Ergo
708 3907 742 3964 in
783 3905 973 3965 Simonideis
1011 3925 1084 3965 eum
1119 3907 1383 3983 epigrammatum

159 4003 338 4062 collectione
364 4003 503 4076 quadam
525 4020 621 4062 usum
643 4021 713 4062 esse
735 4005 927 4063 constituere
948 4021 1131 4080 possumus.
1163 4004 1267 4073 Quam
1290 4007 1384 4066 Coro-

159 4119 231 4160 nam
252 4101 463 4175 Meleagream
485 4102 585 4160 tuisse
607 4102 684 4161 hace
706 4103 828 4161 ratione
849 4103 979 4177 probari
1000 4121 1095 4178 posse
1116 4120 1220 4178 spero.

195 4200 275 4259 Inde
296 4217 315 4258 a
337 4199 499 4259 Brunckio
519 4216 568 4274 ep.
594 4199 652 4258 188
673 4200 755 4259 duas
777 4203 907 4275 propter
926 4218 1040 4260 causas
1060 4200 1203 4260 virorum
1218 4202 1385 4261 doctorum

158 4299 279 4357 animos
300 4298 445 4357 offendit.
468 4297 549 4356 Nam
572 4298 772 4357 mirabantur
793 4302 837 4374 et,
855 4300 910 4374 qui
928 4299 1083 4359 Simonidi
1098 4300 1214 4358 ascribi
1230 4301 1385 4375 potuisset

158 4396 352 4471 epigramma
380 4396 413 4454 in
441 4396 675 4454 Aristodemum
704 4397 816 4455 Eleum
838 4399 1003 4473 athletam,
1030 4415 1124 4472 quem
1146 4398 1313 4475 Olympiae
1333 4399 1382 4458 Ol.

158 4493 195 4552 98
217 4493 305 4570 (ann.
331 4492 403 4570 388)
427 4495 541 4553 vicisse
562 4497 684 4554 certum
706 4497 754 4553 est
778 4493 929 4571 (African.
955 4514 985 4570 p.
1011 4495 1049 4555 58
1070 4495 1202 4573 Rutg.),
1227 4505 1274 4571 et,
1300 4497 1386 4571 quod

159 4589 189 4648 in
215 4592 455 4669 epigrammatis
483 4593 612 4652 exordio
640 4593 850 4652 laudarentur
879 4593 1028 4652 victoriae
1056 4593 1096 4652 ab
1125 4595 1201 4654 Ε100
1222 4595 1385 4654 Isthmicis

160 4691 351 4767 reportatae,
382 4708 455 4750 cum
483 4691 524 4750 ab
552 4692 602 4750 his
630 4691 714 4750 ludis
744 4693 823 4750 teste
851 4692 1012 4751 Pausania
1034 4693 1068 4751 V.
1096 4692 1124 4750 2.
1149 4693 1184 4768 2,
1215 4693 1269 4752 VI.
1296 4694 1342 4753 16.
1367 4693 1385 4752 2

160 4785 250 4846 Eleos
281 4788 442 4862 prohiberi
473 4790 647 4865 eodemque
678 4792 758 4850 teste
786 4791 839 4848 VI.
871 4791 899 4849 3.
932 4790 950 4848 4
980 4790 1215 4850 Aristodemum
1244 4792 1385 4868 Pythicis
