3546 5724
716 515 719 524 .
803 469 841 533 le
1261 469 1358 551 ενι,
1384 469 1432 533 aa

408 655 446 722 ori
468 655 528 739 γὰρ
549 656 770 740 τοξοφόροισιν
791 658 969 739 ἐμήσατο
992 657 1036 721 δῖ’
1055 656 1224 739 Ἀφροδίτα

448 757 627 837 Πέρσαις
644 757 804 821 Ἑλλάνων
825 758 999 837 ἀκρόπολιν
1019 758 1237 838 προδόμεν.

209 856 262 918 καὶ
295 858 326 918 οῖ
359 856 478 918 ἰδιῶται
513 855 547 917 δὲ
577 855 779 938 κατεύχονται
809 861 847 936 τῇ
878 856 949 937 θεῷ
979 856 1186 919 τελεσθέντων
1216 855 1287 934 περὶ
1318 853 1366 917 ὧν
1397 856 1436 916 ἂν

208 958 358 1016 ποιῶνται
379 955 434 1036 τὴν
456 954 561 1036 δέησιν
582 955 712 1027 ἀπάξειν
733 955 812 1035 αὐτῇ
833 954 887 1016 καὶ
909 953 977 1033 [τὰς
997 957 1057 1015 del.
1082 955 1170 1033 Wil.]
1193 955 1325 1033 ἑταίρας.

250 1055 287 1112 ln
315 1055 419 1116 tribus
442 1052 480 1131 17)
510 1055 561 1113 his
589 1055 778 1114 testimoniis
807 1055 869 1114 tria
897 1057 973 1114 sunt
1001 1055 1171 1129 elementa,
1203 1072 1286 1129 quae
1313 1054 1346 1113 in
1375 1054 1436 1112 alio

209 1152 298 1210 aliter
319 1152 488 1212 coniuncta
509 1153 675 1212 habemus.
710 1152 936 1212 Simonidis
958 1171 1101 1212 nomen
1124 1153 1214 1212 adest
1235 1153 1322 1228 apud
1343 1153 1436 1211 Athe·

209 1267 323 1309 naeum
352 1252 382 1309 et
410 1252 634 1327 Plutarchum,
666 1252 754 1310 deest
783 1252 815 1308 in
847 1250 974 1310 Scholio
996 1251 1165 1310 Pindarico
1187 1248 1432 1326 (Theopompo).

210 1348 374 1424 MuliereS,
399 1366 482 1423 quae
503 1350 715 1424 precationem
739 1349 898 1425 iecerunt,
924 1349 1127 1424 Theopompo
1149 1351 1244 1422 atque
1265 1349 1436 1407 Plutarcho

210 1446 446 1505 Corinthiorum
483 1450 560 1506 sunt
590 1450 817 1522 matronae,
855 1447 1016 1506 Athenaeo
1048 1447 1298 1506 meretrices.
1343 1446 1436 1514 Quod

209 1544 345 1618 denique
365 1545 406 1603 ad
428 1545 551 1604 donarii
573 1563 676 1621 genus
698 1546 827 1621 attinet,
853 1545 1045 1604 Plutarchus
1067 1544 1291 1604 simulacra
1312 1561 1436 1604 aenea

209 1645 449 1718 commemorat,
473 1642 655 1702 Athenaeus
677 1647 783 1702 autem
803 1643 985 1702 tabulam
1007 1643 1167 1717 pictam.
1203 1643 1307 1711 Quam
1328 1642 1435 1700 itidem

209 1740 378 1799 tradidisse
406 1741 663 1817 Theopompum,
698 1742 790 1801 cuius
818 1741 969 1800 memoria
997 1741 1057 1799 hac
1084 1741 1117 1798 in
1146 1759 1180 1799 re
1208 1741 1316 1816 periit,
1351 1740 1435 1799 inira

212 1835 246 1914 (ἓ
268 1835 320 1914 27)
344 1838 626 1899 demonstrabitur.
1395 1858 1397 1864 ’

249 1936 498 2013 Epigrammatis
519 1941 641 1997 textum
663 1939 753 1998 aliter
775 1938 856 1997 alius
878 1937 1017 2012 praebet.
1042 1936 1262 2012 Quamquam,
1293 1938 1328 1995 ut
1350 1937 1435 1995 vide-

211 2032 314 2092 ramus
344 2032 389 2112 §s
412 2034 448 2094 31
477 2038 507 2095 et
535 2036 589 2111 aa,
624 2038 731 2095 textus
763 2035 915 2095 Athenaei
943 2016 1170 2108 Plutarchiq'ue
1197 2034 1435 2093 similitudinem

210 2133 371 2206 quandam
393 2152 470 2208 prae
491 2152 526 2194 se
546 2135 671 2210 ferunt,
699 2152 764 2210 qua
786 2153 804 2194 a
825 2135 1047 2210 Theopompeo
1068 2132 1232 2192 differunt.

251 2228 340 2307 §Th
393 2231 551 2293 Virorum
580 2231 763 2293 doctorum
788 2229 979 2308 opiniones
1025 2231 1072 2289 Ad
1094 2230 1353 2289 constituendum
1375 2234 1435 2290 ter·

210 2329 352 2405 minum,
390 2333 463 2390 ante
498 2348 592 2405 quem
630 2331 759 2407 Sylloge
793 2331 966 2405 composita
998 2345 1069 2388 esse
1099 2329 1262 2404 videatur,
1300 2330 1437 2389 maxime

210 2426 283 2485 sciri
304 2427 452 2504 interest,
477 2445 618 2503 quonam
639 2447 678 2487 ex
699 2431 828 2488 auctore
849 2428 882 2486 in
904 2428 1101 2486 Athenaeum
1122 2429 1152 2486 et
1173 2427 1206 2485 in
1229 2427 1436 2486 Plutarchum

209 2525 388 2598 pervenerit
409 2526 605 2602 epigramma
627 2528 773 2585 nostrum
795 2527 828 2584 in
849 2523 1036 2585 recentiore
1057 2524 1241 2583 condicione
1264 2523 1327 2601 (S).
1353 2525 1436 2594 Quo·

209 2621 292 2680 circa
320 2623 580 2699 investigandum
608 2626 672 2699 est,
704 2623 864 2698 quomodo
891 2623 952 2681 tria
981 2623 1033 2681 illa
1053 2622 1240 2698 ¹testimonia
1269 2624 1437 2682 cohaerere

209 2719 371 2794 triumque
392 2721 620 2781 elementorum
641 2719 873 2797 discrepantiae
892 2723 981 2779 ortae
1002 2737 1073 2778 esse
1094 2719 1272 2778 videantur.

249 2818 384 2878 Necesse
412 2837 476 2878 non
497 2820 599 2879 habeo
620 2820 691 2879 fuse
713 2820 831 2880 referre
851 2836 962 2878 omnes
985 2819 1127 2877 virorum
1149 2818 1315 2877 doctorum
1336 2819 1436 2894 opini-

209 2932 286 2975 ones
318 2917 357 2975 de
386 2917 501 2976 horum
530 2918 784 2977 testimoniorum
812 2917 1009 2994 cognatione.
1045 2917 1192 2992 Plerique
1220 2899 1303 2976 enim
1334 2935 1437 2992 neque
1474 2906 1475 2911 ¹

209 3015 359 3088 antiquae
393 3015 632 3091 epigrammatis
667 3016 861 3075 condicionis
896 3032 1000 3089 neque
1034 3014 1176 3072 omnium
1208 3015 1435 3074 elementorum

209 3110 429 3172 discriminum
469 3114 623 3172 rationem
661 3114 853 3173 habuerunt.
899 3113 1062 3180 Quantum
1100 3130 1118 3171 a
1158 3130 1233 3171 vero
1272 3114 1437 3173 recesserit

210 3209 341 3284 Bergk
364 3227 394 3284 p.
419 3210 494 3285 481,
519 3229 589 3270 cum
613 3211 646 3269 in
670 3211 796 3271 Scholio
818 3211 986 3270 Pindarico
1010 3210 1182 3270 Simonidis
1204 3229 1320 3270 nomen
1341 3212 1436 3270 inter-

209 3306 322 3366 cidisse
343 3310 486 3383 putaret,
511 3310 597 3383 quod
619 3309 811 3368 Plutarchus
828 3309 892 3368 iam
909 3309 1084 3368 invenisset
1102 3326 1176 3367 cum
1192 3310 1436 3368 commentarios

209 3404 395 3464 Pindaricos
426 3407 608 3482 adhiberet,
646 3407 716 3466 luce
748 3407 865 3465 elarius
897 3409 954 3466 est.
999 3407 1108 3480 Neque
1140 3408 1357 3481 respiciendus
1389 3412 1437 3467 est

209 3502 430 3579 Hauvette,
456 3507 547 3563 cuius
569 3505 724 3580 expositio
747 3503 791 3581 (p.
811 3505 847 3564 19
867 3522 914 3579 sq.
927 3550 935 3580 ,
960 3506 997 3564 55
1017 3503 1103 3581 sqq.)
1127 3508 1192 3564 tam
1214 3506 1347 3564 confusa
1369 3510 1433 3581 est,

209 3603 244 3657 ut
274 3617 370 3677 aegre
400 3603 567 3676 expedias,
601 3603 678 3678 quid
706 3603 757 3662 ille
785 3603 826 3662 sit
854 3606 1044 3662 consecutus
1066 3601 1116 3679 18).
1153 3603 1295 3662 Kaibel
1322 3621 1353 3677 p.
1377 3603 1436 3662 446

209 3714 310 3772 pauca
340 3700 466 3757 tantum
498 3699 537 3758 da
568 3700 618 3758 his
649 3700 725 3758 loeis
755 3700 884 3775 profert.
919 3701 1035 3758 Mirum
1065 3700 1097 3757 in
1126 3701 1257 3759 modum
1285 3701 1436 3775 Preger

212 3792 262 3870 (68
282 3821 322 3844 =
343 3796 421 3855 diss
446 3815 476 3871 p.
502 3798 539 3855 12
561 3795 648 3873 sqq.)
678 3799 899 3872 cognationem
928 3798 1084 3857 constitui·
1105 3815 1200 3872 posse
1228 3798 1434 3862 existimavit:

209 3909 247 3952 ex
273 3894 513 3970 epigrammatis
540 3896 624 3955 enim
652 3895 793 3955 textibus
822 3896 958 3955 diversis
983 3896 1108 3954 efficere
1129 3897 1263 3954 conatus
1285 3898 1349 3969 est,
1381 3897 1436 3970 qui

210 3993 319 4050 auctor
350 3993 389 4051 de
419 3993 551 4052 donario
583 3993 822 4053 Corinthiorum
851 4011 964 4053 verum
991 3993 1144 4066 traderet;
1177 3994 1301 4053 nullum
1329 3996 1435 4053 autem

209 4119 369 4127 ——.

241 4195 276 4258 17)
310 4198 421 4262 Neglegi
448 4203 532 4262 potest
557 4204 683 4262 quartum
711 4200 894 4249 testimonium
921 4198 1050 4261 (Lascaris
1075 4214 1115 4262 ap.
1144 4201 1175 4248 lr.
1203 4215 1225 4262 p.
1249 4198 1298 4249 263
1324 4202 1371 4250 col.
1395 4200 1437 4264 λ),

209 4283 277 4345 quod
295 4299 326 4333 ex
345 4283 449 4332 Scholio
468 4284 604 4334 Pindarico
622 4285 748 4333 haustum
768 4300 824 4334 esse
843 4285 908 4334 vidit
926 4285 1021 4348 Preger
1036 4300 1059 4348 p.
1069 4284 1101 4332 54
1117 4284 1176 4334 nl.
1194 4284 1319 4334 Continet
1332 4290 1437 4335 textum

208 4367 406 4429 epigrammatis
431 4369 574 4430 praemissa
597 4374 660 4417 nota
685 4369 748 4417 hac:
772 4364 923 4432 ἐπίγραμμα
939 4365 1128 4432 Ἀριστοτέλους
1146 4365 1256 4432 ἐλεγεῖον
1274 4365 1301 4418 ἐν
1318 4373 1374 4432 ναῷ
1393 4373 1438 4433 τῆς

209 4447 353 4513 Κορίνθου.
380 4452 515 4514 Explicare
532 4458 642 4502 conatus
660 4468 719 4502 sum
739 4451 751 4514 5
769 4452 832 4518 lae,
857 4480 887 4488 —
906 4455 929 4503 id
949 4457 1020 4517 quod
1041 4456 1138 4517 Preger
1156 4469 1207 4503 non
1226 4455 1376 4518 expilanavit
1393 4480 1439 4518 -,

209 4536 255 4599 qai
273 4537 334 4586 huic
351 4537 538 4600 epigrammati
555 4535 704 4586 Aristotelis
722 4540 866 4589 auctoritas
884 4539 951 4588 adici
970 4540 1093 4601 potuerit.

241 4619 276 4682 18)
310 4621 506 4670 Wilamowitzii
529 4621 796 4687 Commentariolum,
820 4639 851 4672 ex
876 4639 929 4687 quo
953 4631 1087 4686 quantum
1113 4626 1324 4673 emolumentum
1344 4624 1440 4686 percipi

211 4707 323 4768 potuerit
346 4706 417 4756 intra
439 4703 464 4766 (ἓ
481 4705 525 4764 30)
549 4707 697 4770 apparebit,
721 4709 777 4757 suis
800 4709 883 4758 cerdis
907 4710 1035 4772 inspirare
1055 4709 1103 4758 vd.
1124 4725 1228 4759 lucrasse
1246 4725 1298 4758 aon
1318 4709 1440 4757 habuisse

212 4783 312 4839 ridetur
329 4790 364 4854 (p.
384 4790 416 4840 20
436 4808 459 4842 n.
478 4791 493 4840 l
511 4796 538 4840 et
556 4791 590 4852 5).

1326 4876 1342 4926 l
