3516 5712
772 525 810 589 aa
1230 521 1326 606 544,
1352 525 1400 588 ιο.

177 719 253 779 erat.
272 717 388 778 Forma
403 721 509 778 autem
524 717 664 794 genuina
679 716 718 778 ΑΙ
734 717 862 776 nonnisi
874 714 1027 775 Herodoti
1038 713 1209 775 lectoribus
1220 717 1317 790 atque
1327 715 1405 775 viris

177 818 277 879 doctis
299 820 368 876 erat
388 819 477 888 nota;
499 833 536 874 ea
558 817 720 890 praeterea
742 815 978 890 quodammodo
999 831 1072 874 cum
1090 813 1263 873 Simonidis
1277 812 1406 871 nomine

177 920 245 976 erat
265 915 434 975 coniuncta
455 915 585 988 propter
606 913 803 989 epigramma
825 913 989 988 Megistiae
1009 930 1027 972 a
1050 912 1141 987 poeta
1162 911 1352 971 dedicatum.

218 1014 372 1074 Collector
400 1013 432 1070 in
463 1011 613 1087 Syllogen
635 1013 806 1086 utramque
828 1011 944 1084 recepit
965 1011 1101 1070 formam
1122 1010 1165 1068 ita
1184 1009 1402 1083 coniunctam,

177 1114 213 1170 ut
240 1129 280 1170 ex
307 1109 347 1168 A*
374 1111 407 1168 in
435 1109 474 1170 Αι
504 1111 670 1184 reponeret
698 1107 841 1190 ἄγγειλον
867 1126 926 1184 pro
947 1105 1112 1185 ἀγγέλλειν.
1137 1107 1196 1182 Ep.
1220 1108 1249 1166 ei
1270 1111 1300 1166 et
1320 1107 1406 1183 apud

178 1210 376 1268 Herodotum
405 1211 435 1266 et
463 1208 549 1283 apud
577 1210 739 1266 auctorem
766 1208 835 1266 eius
867 1206 1055 1282 primarium
1087 1207 1252 1280 Ephorum
1280 1207 1408 1280 praesto

177 1311 255 1367 erat.
281 1308 365 1365 Huic
385 1307 507 1364 formae
530 1295 582 1382 (S)
600 1323 715 1365 nomen
733 1305 923 1380 Simonidis,
943 1321 1009 1380 quo
1023 1302 1063 1364 A⁹
1077 1303 1221 1379 carebat,
1246 1303 1404 1378 apposuit.

179 1408 224 1466 De
245 1405 407 1465 Ciceronis
428 1405 609 1465 testimonio
631 1405 670 1464 ci.
697 1403 716 1481 ᾖ
740 1421 806 1479 seq.

687 1634 716 1694 3.
762 1645 904 1694 cronno

221 1822 240 1902 ξ
270 1825 319 1883 45.
369 1820 464 1896 oete
496 1819 726 1883 Ciceroniana
757 1817 1022 1898 epiprommotis
1051 1818 1099 1879 92
1127 1817 1324 1880 testimonio
1351 1816 1409 1879 tri·

180 1919 355 1981 bucardum
393 1917 564 1979 videatur.
604 1919 764 1993 Ciceroni,
806 1935 870 1992 quo
909 1917 1120 1992 antiquiorem
1152 1920 1224 1992 post
1258 1917 1408 1993 Syllogen

180 2017 340 2077 conditam
370 2016 495 2075 nullum
517 2016 704 2091 scriptorem
726 2033 775 2089 ep.
800 2014 962 2089 quoddam
987 2013 1204 2073 Simonideum
1226 2015 1409 2075 laudantem

180 2115 353 2190 habemuS,
378 2113 573 2173 celeberrimi
593 2113 833 2188 epigrammatis
855 2112 910 2188 92,
936 2113 1027 2171 euius
1049 2112 1157 2172 variae
1177 2113 1298 2172 formae
1312 2131 1406 2189 expo·

181 2215 259 2273 sitae
285 2215 362 2272 sunt
390 2213 424 2271 in
454 2210 473 2289 ᾖ
503 2211 720 2287 praecedenti,
752 2211 968 2270 testimonium
997 2211 1144 2286 debetur,
1173 2213 1223 2271 oui
1245 2213 1305 2272 viri
1326 2212 1409 2271 docti

180 2313 246 2371 iere
275 2328 387 2370 omnes
416 2310 553 2368 multum
580 2309 722 2368 tribuere
750 2310 852 2368 solent
881 2310 977 2383 atque
1006 2309 1088 2368 soliti
1110 2313 1195 2368 sunt.
1227 2311 1355 2369 Tuscul.
1381 2311 1407 2369 l.

181 2410 229 2468 42.
262 2409 318 2468 101
342 2408 539 2484 epigramma
562 2407 673 2466 Latine
695 2424 825 2466 versum
850 2406 1087 2481 Simonidisque
1108 2408 1294 2467 auctoritate
1315 2425 1408 2466 orna-

181 2510 250 2567 tum
271 2507 417 2583 praebet:

302 2602 375 2679 dic,
399 2602 538 2680 Ιιοεμοε,
563 2601 713 2680 Spartae
733 2619 797 2663 ιιοε
819 2605 852 2663 te
871 2601 927 2662 bie
947 2600 1075 2664 vidisse
1095 2601 1258 2679 iaceateS,

344 2700 429 2761 dum
450 2699 581 2762 coactis
597 2698 741 2778 petrice
763 2699 894 2778 lepidas
916 2698 1147 2778 obsequimur.

183 2801 328 2860 Proelive
355 2801 439 2859 esset
467 2799 628 2860 Ciceronis
656 2799 775 2858 fontem
797 2799 953 2874 indicare,
985 2799 1012 2858 si
1034 2801 1210 2874 constaret,
1237 2816 1411 2873 quamnam

183 2899 383 2957 traditionem
409 2895 479 2974 (A¹,
503 2897 560 2975 Al,
588 2897 609 2957 S
617 2915 625 2971 ;
648 2897 687 2957 ci.
715 2895 734 2973 ,Ε
757 2896 809 2969 44)
834 2897 938 2956 versio
960 2896 1116 2972 respicere
1134 2897 1305 2956 videretur.
1331 2897 1412 2956 Con-

185 2997 269 3056 venit
297 3014 376 3056 saue
404 2997 550 3071 -quod
579 2995 717 3072 Bergkio
748 2996 887 3071 Pregero
916 2995 985 3054 aliis
1013 2993 1147 3054 libenter
1175 2995 1344 3054 concedam
1373 3026 1413 3036 -

185 3094 345 3153 Ciceronis
387 3094 464 3152 illud
510 3091 654 3170 ‘lepidas
696 3090 929 3170 obsequimar’
973 3093 1052 3151 satis
1094 3095 1241 3152 accurate
1283 3093 1412 3153 Graecis

185 3187 368 3268 πειθόμενοι
388 3189 536 3269 νομίμοις
559 3189 645 3269 (Αἵ),
671 3191 726 3249 sed
742 3191 828 3266 quod
843 3191 945 3250 forma
961 3188 1001 3248 A²
1018 3190 1191 3250 Simonidis
1206 3191 1333 3250 nomine
1348 3208 1413 3250 non

185 3290 306 3348 munita
334 3291 398 3364 est,
434 3290 557 3365 obstat,
594 3289 768 3364 quominus
797 3289 980 3348 Ciceronem
1001 3289 1061 3349 hac
1088 3289 1191 3350 forma
1219 3308 1315 3349 usum
1343 3307 1414 3348 esse

186 3391 344 3463 putemus
375 3388 430 3447 Vel
455 3388 515 3446 hac
536 3387 576 3446 de
603 3404 700 3446 eausa
725 3387 918 3445 sumendum
946 3387 1006 3446 erit
1034 3387 1217 3448 Ciceronem
1238 3388 1414 3447 reddidisse

187 3486 252 3545 sive
278 3487 417 3546 formam
444 3485 483 3544 Α1
514 3486 582 3545 sive
611 3484 648 3559 S3
679 3501 796 3560 neque,
827 3485 956 3560 opinor,
988 3485 1159 3560 quisquam
1188 3486 1316 3562 negabit
1343 3486 1414 3545 fieri

188 3601 294 3660 posse,
326 3587 362 3643 ut
388 3585 496 3644 Cicero
519 3584 616 3642 verba
641 3581 785 3660 ‘lepidas
806 3582 1040 3661 obsequimur’
1065 3585 1258 3659 respondere
1279 3584 1414 3642 voluerit

187 3682 244 3740 illis
273 3680 393 3761 ῥήμασι
419 3679 619 3758 πειθόμενοι,
650 3699 733 3757 quae
761 3682 931 3756 utriusque
958 3683 1080 3741 formae
1107 3682 1145 3740 A¹
1175 3684 1205 3740 et
1235 3681 1256 3741 S
1284 3683 1414 3756 propria

189 3784 270 3839 sunt.
294 3781 417 3838 Nomen
435 3780 608 3840 Simonidis
623 3797 663 3839 ex
676 3782 815 3854 utraque
829 3779 998 3838 traditione
1012 3780 1075 3854 peti
1090 3779 1201 3854 potuit.
1225 3778 1410 3853 Videamus,

189 3879 257 3937 utra
278 3877 424 3953 eligenda
446 3877 495 3936 sit.

226 3976 344 4051 Preger
365 3973 540 4045 arbitratus
562 3976 610 4033 est
633 3973 677 4050 (p.
704 3971 754 4050 16)
778 3974 962 4034 Ciceronem
984 3974 1100 4034 adiisse
1122 3973 1280 4034 Coronam
1302 3973 1414 4032 Melea-

191 4091 304 4148 gream.
330 4073 420 4132 Mitto
442 4089 535 4148 sane,
560 4073 647 4147 quod
670 4073 808 4147 Pregero
829 4072 891 4146 ipsi
913 4071 1022 4132 Cicero
1044 4072 1179 4132 vertisse
1193 4089 1262 4132 eam
1278 4073 1414 4131 formam

192 4171 328 4247 videtur,
355 4187 452 4245 quam
470 4170 574 4230 littera
597 4169 637 4228 A*
657 4169 819 4245 insignivi.
845 4169 934 4238 Quae
955 4189 974 4229 a
996 4171 1120 4230 Corona
1142 4171 1244 4230 aliena
1265 4173 1322 4230 est.
1357 4172 1412 4246 At,

192 4268 334 4344 obsecro,
366 4271 456 4326 estne
484 4268 633 4327 credibile
662 4268 844 4327 Ciceronem
874 4269 1070 4345 epigramma
1099 4270 1241 4328 omniurn
1264 4270 1416 4345 vulgatis-

193 4366 303 4425 simum
333 4365 483 4441 petivisse
511 4384 550 4425 ex
571 4365 839 4441 epigrammatum
860 4367 1057 4441 collectione,
1089 4383 1185 4441 quam
1207 4383 1281 4424 eum
1302 4384 1416 4441 cogno·
1517 4409 1521 4416 .

194 4463 272 4523 visse
293 4464 403 4522 nullus
415 4460 441 4539 4)
464 4463 647 4538 ceteroquin
669 4464 759 4523 locus
780 4466 845 4539 est,
870 4465 926 4538 qui
947 4462 1084 4539 probet?

196 4597 347 4606 Ἠ

223 4675 245 4738 4)
279 4677 376 4740 Preger
406 4691 468 4727 sane
497 4680 611 4728 alterum
630 4676 747 4726 Coronae
778 4677 913 4726 adhibitae
943 4678 1084 4741 vestigium
1117 4679 1185 4739 apud
1213 4676 1365 4728 Ciceronem
1391 4693 1419 4727 se

195 4760 319 4813 invenisse
345 4763 460 4827 putavit:
484 4765 559 4827 epist.
578 4763 611 4812 ad
629 4763 683 4812 nrt.
701 4763 744 4812 lX.
763 4762 786 4812 7.
805 4762 820 4809 5
838 4768 865 4811 et
882 4761 924 4813 18.
941 4762 971 4827 3,
989 4763 1034 4811 nbi
1053 4763 1145 4826 respici
1164 4765 1292 4814 Leonidae
1310 4779 1349 4826 ep.
1368 4764 1417 4813 ΑΡ.

197 4843 224 4894 ll.
245 4845 258 4895 l
283 4848 471 4897 animadvertit
494 4848 603 4897 Knaack
628 4846 728 4911 (Progr.
752 4847 851 4896 Stettin
874 4846 941 4898 1883
964 4864 987 4912 p.
1013 4846 1047 4910 7).
1074 4847 1108 4896 At
1127 4847 1235 4900 Knaack
1253 4849 1345 4898 eodem
1364 4850 1419 4897 loco

1285 4938 1319 4992 6*
