3572 5716
371 501 447 581 Cap.
471 499 539 580 111,
564 500 612 564 32.
951 499 1009 564 222

370 693 556 770 praesertim
594 691 796 752 celebrabant
835 689 980 767 Sylloges
1020 690 1221 750 Simonideae
1257 690 1509 768 epigrammata,
1550 707 1596 750 re

370 792 473 867 spexit
493 790 556 867 168).

412 888 431 966 ξ,
454 889 520 948 131.
566 885 785 948 Imitationes
800 889 884 964 posi
906 885 1078 947 Coronam
1099 885 1329 963 Meleagream
1351 887 1595 949 concinnatam

369 988 489 1048 factae.
525 987 606 1046 Cum
624 987 780 1061 Meleager
798 986 978 1062 fragmento
998 985 1144 1060 Sylloges
1165 984 1366 1044 Simonideae
1384 985 1416 1043 in
1437 986 1594 1046 Coronam

370 1089 494 1161 recepto
526 1086 624 1143 multa
656 1102 726 1159 epp.
761 1084 941 1144 Simoniden
973 1085 1084 1159 paucis
1118 1082 1171 1160 (ci.
1205 1082 1225 1161 ξ
1259 1082 1330 1159 145)
1360 1089 1493 1144 eatenus
1521 1087 1594 1143 nota

370 1184 487 1260 publici
517 1183 597 1242 iuris
628 1182 770 1256 fecisset,
803 1181 1053 1256 epigrammatici
1086 1184 1211 1257 poetae,
1247 1182 1365 1257 quippe
1396 1183 1452 1256 qui
1479 1182 1595 1240 imitari

370 1283 501 1357 possent
529 1279 758 1339 Callimachum
787 1279 1023 1353 Leonidamque
1050 1279 1276 1355 Tarentinum,
1308 1297 1373 1338 non
1402 1279 1505 1354 magis
1533 1279 1595 1353 epi·

370 1382 564 1457 grammata,
596 1395 678 1452 quae
704 1377 858 1452 principis
886 1379 996 1452 poetae
1022 1378 1272 1452 epigrammatici
1294 1377 1422 1436 nomine
1442 1377 1595 1452 inscripta

370 1481 476 1553 erant,
511 1477 706 1535 curaverunt
734 1492 831 1549 quam
859 1478 952 1534 antea
983 1473 1111 1550 Sylloge
1137 1475 1208 1550 ipsa
1236 1478 1379 1550 respecta
1406 1477 1484 1534 erat.
1520 1476 1595 1534 Post

371 1577 529 1636 Coronam
556 1573 714 1633 conditam
742 1573 796 1630 vix
817 1574 900 1632 ullae
920 1572 1114 1647 deprehendi
1135 1576 1272 1648 possunt
1293 1574 1380 1648 apud
1401 1573 1471 1631 illos
1495 1573 1594 1632 Simo·

371 1675 537 1732 uideorum
564 1672 830 1748 epigrammatum
859 1671 1029 1730 memoriae
1049 1666 1113 1745 169).
1149 1671 1295 1730 Attamen
1317 1689 1389 1729 cum
1411 1671 1593 1730 hominibus

371 1770 579 1848 vulgaribus,
601 1769 720 1844 quibus
737 1769 933 1844 epigramma
950 1769 1152 1827 condendum
1168 1770 1251 1843 erat,
1278 1768 1402 1828 Corona
1419 1769 1593 1844 Meleagrea

370 1869 563 1929 uberrimam
578 1867 745 1942 praeberet
759 1867 937 1941 materiem,
955 1866 988 1924 in
1004 1863 1293 1942 inscriptionibus
1307 1866 1419 1926 aetatis
1435 1867 1594 1925 Romanae

370 1967 497 2042 saepius
522 1965 777 2026 Simonideorum
798 1965 1065 2040 epigrammatum
1086 1964 1371 2039 deprehenduntur
1391 1965 1590 2023 imitationes.

369 2066 572 2138 Quamquam
594 2080 658 2121 non
680 2079 806 2137 semper
826 2063 950 2121 constat
971 2064 1081 2121 utrum
1102 2065 1248 2122 auctores
1269 2080 1354 2138 epp,
1385 2063 1471 2137 quod
1495 2060 1593 2121 Simo·

371 2165 463 2222 nidea
484 2162 607 2234 essent,
631 2158 744 2218 imitati
766 2160 858 2233 sunt,
883 2175 941 2233 an,
966 2159 1052 2232 quod
1071 2161 1180 2234 aptum
1200 2160 1333 2218 carmini
1350 2160 1593 2218 fundamentum

371 2261 615 2321 subministrare
630 2257 823 2316 viderentur.
849 2257 958 2330 Neque
973 2254 1131 2316 omninno
1145 2257 1242 2316 huius
1257 2257 1369 2316 aetatis
1383 2258 1592 2318 imitationum

370 2361 515 2419 auctores
543 2373 621 2415 usos
644 2372 715 2414 esse
737 2355 862 2414 Corona·
883 2356 986 2428 potest
1006 2355 1233 2429 demonstrari;
1264 2373 1337 2414 cum
1359 2338 1464 2414 tamen
1486 2358 1594 2431 poetae

371 2456 537 2531 Meleagrei
565 2454 692 2529 saepius
713 2453 746 2510 in
767 2451 1030 2526 inscriptionibus
1051 2453 1190 2512 metricis
1213 2453 1426 2528 respiciantur
1448 2452 1501 2529 (ci.
1524 2455 1593 2512 Kai-

369 2555 442 2615 belii
463 2553 565 2611 Index
586 2551 646 2609 VII
668 2551 749 2624 Epp.
771 2549 825 2608 Cr.
847 2567 876 2624 p.
893 2549 948 2608 691
973 2547 1078 2624 sqq.)‚
1104 2550 1273 2608 verisimile
1288 2553 1336 2609 est
1351 2552 1453 2610 cetera
1469 2568 1594 2626 quoque

370 2652 600 2728 epigrammata
621 2647 806 2706 auctoribus
827 2646 1006 2705 innotuisse
1027 2664 1066 2705 ex
1088 2648 1222 2707 Corona.

411 2748 607 2808 Imitationes
635 2745 902 2820 epigrammatum
933 2743 1209 2820 Simonideorum‚
1240 2764 1323 2820 quae
1343 2748 1415 2821 post
1437 2747 1593 2807 Coronam
1626 2743 1629 2748 ’

360 2849 579 2922 'Meleagream
611 2842 832 2903 concinnatam
862 2843 895 2900 in
923 2843 1084 2917 lapidibus
1111 2844 1321 2903 inveniuntur
1348 2848 1445 2919 atque
1472 2863 1490 2904 a
1520 2845 1593 2902 viris

370 2945 470 3004 doctis
492 2942 734 3003 animadversae
755 2940 832 2998 mihi
853 2944 947 3000 notae
968 2944 1059 3018 sunt,
1084 2942 1144 3001 bae
1165 2946 1256 3002 sunt:

411 3041 438 3101 1.
483 3040 621 3099 Imitatio
651 3039 889 3114 epigrammatis
921 3039 975 3115 99,
1014 3057 1111 3114 quam
1131 3041 1294 3103 indicavit
1328 3039 1534 3100 Stadtmiiller
1562 3040 1592 3096 Il

370 3163 400 3218 p.
422 3140 549 3200 LXXVI
570 3138 603 3196 in
625 3136 832 3212 inscriptione
854 3137 998 3197 Cretensi
1019 3139 1130 3196 aetatis
1152 3139 1315 3198 Romanae
1337 3139 1433 3199 Cnosi
1454 3138 1590 3196 inventa.

371 3241 464 3299 Edita
486 3240 533 3297 est
555 3236 637 3294 Buri.
659 3235 748 3294 Corr.
769 3235 850 3292 Hell.
873 3233 950 3294 1889
971 3253 1002 3310 p.
1025 3235 1078 3294 59:
1555 3237 1558 3244 ’

530 3331 605 3394 οὐδὲ
626 3329 739 3392 θανὼν
760 3330 871 3409 ἀρετᾶς
892 3331 985 3409 ὄνυμ’
1004 3329 1138 3400 ὤλεσας·
1168 3331 1270 3393 ἀλλά
1294 3354 1335 3393 σε
1362 3331 1476 3411 φάμα

570 3428 805 3490 andoinono'
829 3427 968 3507 ἀνάγει
997 3428 1186 3508 δώματος
1213 3429 1254 3500 ἐξ
1276 3427 1399 3500 Mida,

534 3527 744 3608 Θαρσύμαχε,
766 3526 874 3605 τρανὲς
896 3527 930 3588 δὲ
951 3527 1004 3588 καὶ
1026 3526 1201 3606 ὀψαγόνων
1222 3551 1265 3596 τις
1286 3527 1379 3589 ἀείσει

569 3625 759 3706 μνωόμενος
780 3624 884 3692 κείνας
903 3624 1088 3703 θού[ριθ]ος
1109 3625 1353 3696 ἱπποσύνας,

475 3730 489 3774 5
525 3725 678 3805 Ἑρταίων
699 3723 749 3785 ὅτε
769 3727 890 3802 μοῦνος
911 3722 960 3783 ἐπ’
978 3722 1195 3802 ἠ[νε]μόεντος
1212 3721 1337 3784 Ἐλαίαν

570 3821 713 3902 οὐλαμὸν
733 3820 856 3888 ἱππείας
877 3819 979 3900 ῥήξαο
1000 3819 1204 3899 φοιλόπιθας,

529 3923 620 3994 ἄξια
641 3921 700 4000 μὲν
722 3919 847 3998 γενέταο
868 3917 1034 3989 Λεοντίου,
1057 3918 1149 3989 ἄξια
1172 3917 1201 3979 δ’
1221 3918 1346 3981 ἐσθλῶν

570 4021 647 4099 ἔργα
667 4017 878 4097 μεγανχήτων
897 4014 1081 4096 μηδόμενος
1101 4015 1281 4096 προγόνων.

529 4116 690 4195 τούνεκ[ά]
714 4139 748 4177 σε
769 4115 985 4194 φθιμένων
1006 4114 1084 4175 καθ’
1103 4114 1259 4195 ὁμήγοριν
1280 4114 1298 4176 ὁ
1319 4113 1432 4183 κλυτὸς
1447 4113 1545 4194 ‘lirina

570 4215 614 4276 ἷσε
634 4212 837 4293 πολισσούχῳ
858 4212 1039 4291 σύνθρονον
1055 4211 1212 4292 Ἰδομενεῖ.

403 4395 450 4458 168)
486 4397 547 4459 Epp.
566 4395 685 4459 Sylloges
704 4394 870 4444 Simonideae
889 4408 904 4442 a
921 4394 1055 4443 Mnasalca
1072 4398 1203 4456 respecta,
1228 4407 1296 4457 quae
1314 4393 1431 4442 indicare
1449 4393 1596 4456 potuimus,

370 4487 433 4531 sunt
450 4496 507 4544 epp.
525 4479 571 4544 89,
594 4478 640 4543 92,
663 4478 709 4543 91,
733 4477 780 4542 98,
804 4477 850 4541 99,
874 4478 937 4543 100,
962 4477 1024 4541 102,
1049 4477 1111 4541 105,
1136 4477 1199 4541 107,
1222 4476 1286 4540 108,
1309 4476 1372 4540 111,
1395 4476 1533 4542 112,137.
1559 4475 1594 4524 Ci.

369 4571 507 4629 praeterea
524 4563 536 4626 ἓ
554 4563 610 4613 103.

403 4647 450 4711 169)
484 4650 616 4713 Meleagro
639 4649 687 4712 ipsi
705 4650 872 4698 obversatum
891 4663 948 4699 esse
967 4654 1029 4711 puto
1046 4650 1074 4697 in
1093 4663 1132 4710 ep.
1151 4647 1201 4696 ΑΡ.
1217 4647 1271 4696 Vll.
1289 4645 1338 4696 207
1357 4646 1540 4696 Simonideum
1557 4661 1595 4708 ep.

369 4734 418 4784 133
433 4734 544 4796 (civil.
560 4733 630 4798 535,1
649 4733 714 4798 sq.);
732 4735 797 4784 illud
813 4735 896 4798 igitur
910 4750 964 4798 ep,
981 4734 1052 4797 quod
1068 4738 1175 4782 tantum
1191 4748 1206 4782 a
1222 4733 1340 4782 Planude
1353 4735 1488 4781 servatum
1501 4734 1552 4793 est,
1570 4729 1594 4776 in

369 4820 471 4870 Corona
483 4821 590 4869 uiinisse
605 4820 715 4883 ridetur,
730 4821 775 4870 sed
789 4835 895 4885 prorsus
908 4820 1039 4869 incertum
1054 4833 1086 4868 an
1101 4818 1232 4883 Meleagro
1246 4818 1299 4867 iam
1314 4817 1497 4867 Simonideum
1510 4815 1588 4864 fuerit
