3546 5724
406 513 482 593 Cap.
507 510 533 576 I.
997 511 1036 576 36

405 704 582 764 secundum
618 721 714 778 quam
746 703 925 763 carminum
956 703 1158 779 singulorum
1188 701 1322 780 originis
1353 703 1526 779 disputatio
1557 705 1628 766 diri-

404 803 508 878 genda
530 803 579 861 sit.
614 801 672 860 Ille
692 801 776 860 enim
799 802 884 878 v.d.,
915 802 971 876 qui
992 804 1028 861 ut
1049 801 1122 861 fuse
1141 802 1292 861 disseruit
1313 802 1353 860 de
1376 801 1566 862 Simonideis
1587 804 1628 863 ita

403 900 568 959 infeliciter
599 900 761 959 materiem
793 902 1005 976 pertractasse
1035 899 1112 959 mihi
1141 900 1276 959 videtur.
1311 901 1421 975 Neque
1442 900 1480 959 de
1504 900 1629 976 Sylloge

403 999 472 1073 ipsa
501 1015 604 1073 neque
631 998 670 1056 de
696 999 765 1056 eius
793 997 916 1073 origine
941 998 1113 1072 quicquam
1134 998 1238 1057 dicere
1259 1015 1388 1058 necesse
1408 998 1530 1058 habuit.
1568 999 1627 1058 Sed

404 1097 486 1156 hano
514 1096 688 1171 simplicem
716 1096 871 1156 mehercle
899 1095 967 1154 iniit
996 1096 1171 1171 rationem,
1202 1098 1237 1155 ut
1259 1113 1295 1155 ea
1316 1096 1545 1171 epigrammata
1567 1097 1627 1156 iam

404 1195 510 1254 statim
532 1195 573 1253 ab
593 1195 683 1253 initio
703 1211 762 1269 pro
782 1194 931 1270 genuinis
953 1195 1049 1268 atque
1068 1211 1087 1252 a
1111 1192 1274 1252 Simonide
1294 1194 1364 1269 ipsc
1385 1194 1536 1253 confectis
1554 1195 1627 1253 reoi-

403 1295 507 1368 peret,
528 1309 611 1367 quae
625 1292 799 1352 traduntur
815 1309 833 1351 a
850 1291 1060 1366 scriptoribus
1076 1309 1094 1350 a
1111 1309 1145 1350 se
1160 1291 1230 1367 ipsc
1246 1289 1318 1350 side
1333 1289 1452 1368 dignis
1466 1291 1625 1364 iudicatis;

403 1393 498 1465 atque
519 1408 558 1449 ex
580 1407 709 1466 norma,
734 1407 831 1465 quam
853 1407 889 1448 ea
911 1390 1033 1449 ratione
1055 1393 1192 1449 nanctus
1213 1393 1277 1465 est,
1302 1393 1405 1449 cetera
1421 1390 1627 1450 sivereiceret

403 1489 471 1548 sive
491 1489 680 1548 admitteret.
705 1489 776 1558 Qua
793 1489 833 1548 de
851 1507 947 1548 causa
965 1490 998 1548 in
1017 1489 1178 1564 prooemio
1196 1489 1388 1564 scriptorum
1406 1486 1513 1548 fidem
1530 1492 1626 1564 temp-

402 1590 470 1646 tare
491 1587 644 1663 instituit,
669 1605 726 1646 nec
747 1590 870 1662 tamen,
895 1589 981 1662 quod
1002 1590 1175 1662 putaveras
1196 1587 1350 1646 omniurn.
1383 1587 1470 1645 Alios
1492 1587 1627 1663 neglexit

402 1687 498 1745 testes
519 1703 580 1760 eg.
605 1703 695 1761 eum,
727 1685 782 1760 qui
804 1703 965 1760 nusquam
987 1686 1241 1761 epigrammatis,
1273 1702 1356 1760 quae
1376 1685 1501 1759 laudat,
1528 1684 1626 1743 Simo·

402 1783 503 1842 nideis
532 1786 643 1858 poetae
670 1783 765 1843 adicit
793 1799 926 1858 nomen,
962 1783 1135 1842 Diodorum
1164 1783 1250 1858 dico,
1285 1799 1397 1858 quem,
1427 1800 1501 1841 cum
1528 1782 1560 1840 in
1589 1783 1626 1840 iis

376 1882 506 1955 'operis
535 1881 695 1957 partibuS,
727 1881 782 1939 ubi
806 1880 987 1940 Simonidea
1009 1881 1174 1957 leguntur,
1206 1883 1421 1955 repraesentet
1441 1881 1623 1955 Ephorum,

400 1982 512 2040 testem
547 1979 639 2038 nobis
673 1997 744 2038 esse
777 1979 1061 2054 locupletissimum
1095 1979 1279 2054 apparebit,
1317 1964 1396 2038 alios
1431 1996 1496 2037 uno
1531 1995 1625 2038 versu

401 2077 544 2153 dimittit,
575 2096 638 2154 eg.
668 2079 840 2154 Diogenem
869 2077 1029 2137 Laertium
1058 2079 1153 2152 atque
1181 2079 1349 2137 Pollucem.
1384 2078 1494 2152 Neque
1520 2078 1626 2136 omnia

400 2176 630 2253 epigrammata
654 2175 835 2234 Simonidea
857 2175 982 2235 vocavit
1003 2175 1036 2232 in
1057 2192 1200 2234 examen.
1225 2175 1272 2233 Ea
1294 2191 1355 2250 eg.
1380 2174 1623 2249 epigrammata,

400 2291 483 2348 quae
510 2275 596 2350 apud
625 2274 799 2350 Bergkium
828 2272 886 2332 11⁴.
917 2273 976 2332 260
1005 2273 1066 2331 sub
1088 2273 1288 2348 Empedoclis
1310 2271 1438 2330 nomine
1458 2271 1623 2347 leguntur,

400 2388 483 2445 quae
501 2390 576 2430 vero
593 2372 626 2430 in
644 2372 705 2430 elia
722 2371 892 2431 traditione
910 2370 1064 2431 Simonidi
1081 2371 1278 2445 tribuuntur,
1299 2387 1339 2428 ne
1355 2370 1483 2428 novisse
1498 2369 1625 2443 quidem

400 2469 526 2527 videtur
550 2467 696 2545 (Emped.
721 2469 760 2528 fr.
788 2468 861 2544 156,
888 2468 944 2527 157
967 2467 1076 2544 Diels).
1102 2469 1127 2526 Α
1149 2468 1286 2544 Bergkio
1307 2468 1368 2526 aba
1390 2485 1518 2542 quoque
1538 2468 1570 2526 in
1593 2485 1627 2526 re

399 2566 531 2641 pendet,
566 2569 652 2641 quod
684 2567 800 2625 scilicet
832 2567 886 2625 vix
917 2566 1088 2642 quicquam
1119 2566 1231 2625 tribuit
1261 2566 1288 2625 ei
1317 2565 1378 2640 rei,
1413 2565 1499 2640 quod
1527 2566 1625 2624 multa

399 2664 628 2739 epigrammata
649 2665 831 2724 Simonidea
845 2665 939 2724 etiam
954 2665 1093 2724 auctoris
1108 2665 1236 2723 nomine
1250 2663 1389 2723 carentia
1404 2663 1622 2723 inveniuntur.
1680 2681 1684 2688 ·

399 2763 508 2838 Neque
542 2764 575 2822 in
611 2763 813 2838 singulorum
846 2762 1113 2838 epigrammatum
1147 2762 1270 2838 origine
1304 2761 1525 2820 constituenda
1556 2762 1625 2820 eius

399 2861 573 2936 disputatio
595 2853 702 2937 magni
723 2862 772 2920 est
793 2861 894 2935 pretii.
920 2860 1009 2928 Quae
1023 2861 1165 2919 carmina
1180 2860 1287 2919 statim
1302 2862 1337 2918 ut
1352 2858 1462 2934 spuria
1478 2859 1622 2934 secrevit,

399 2959 518 3034 quippe
545 2977 563 3018 a
592 2946 802 3035 scriptoribus
823 2959 979 3034 exhibita,
1011 2976 1092 3033 quos
1114 2959 1182 3033 ipse
1207 2958 1271 3017 fide
1292 2958 1460 3017 destitutos
1482 2957 1622 3031 censuit,

398 3073 435 3115 ea
463 3057 600 3131 amplius
622 3057 778 3131 respicere
799 3074 863 3114 non
885 3056 987 3132 magis
1009 3073 1138 3114 necesse
1158 3055 1271 3114 habuit
1291 3072 1389 3129 quam
1409 3054 1571 3129 inquirere
1592 3056 1625 3113 in

399 3154 609 3229 plurimorum
638 3171 749 3213 eorum
776 3154 1042 3230 epigrammatum
1070 3154 1242 3231 originem,
1274 3171 1356 3228 quae
1383 3154 1414 3211 in
1441 3154 1539 3212 altera
1561 3154 1624 3212 dis-

398 3252 568 3326 quisitione
597 3254 688 3326 putat
719 3254 755 3310 ut
786 3251 954 3310 subditicia
982 3251 1155 3311 abicienda.
1191 3253 1254 3310 Nec
1282 3251 1419 3325 denique
1446 3251 1626 3325 respexisse

398 3353 453 3408 aut
485 3351 614 3409 novisse
642 3350 768 3408 videtur
796 3349 1023 3408 Wilamowitzii
1053 3348 1145 3425 (1885
1173 3352 1203 3408 91
1231 3347 1341 3424 1889),
1376 3348 1464 3406 Keilii
1496 3347 1621 3424 (1885),

398 3446 631 3506 Reitzensteinii
654 3447 771 3522 scripta
792 3444 843 3522 53).

437 3545 600 3603 Hauvettii
623 3544 764 3620 vestigiis
786 3544 900 3604 institit
924 3544 1021 3604 Setti
1044 3542 1169 3621 (1900),
1194 3544 1248 3618 qui
1263 3560 1281 3603 a
1296 3544 1419 3602 minore
1434 3559 1568 3604 numero
1582 3543 1623 3620 54)

396 3642 547 3700 indubiae
580 3643 654 3701 iidei
689 3643 956 3718 epigrammatum
989 3641 1256 3717 proficiscendum
1291 3642 1414 3700 censuit
1449 3642 1490 3701 ad
1520 3645 1624 3702 cetera

396 3739 608 3799 diiudicanda.
643 3741 736 3799 Hanc
764 3740 967 3816 scriptionem
995 3742 1054 3799 hoc
1082 3741 1144 3799 iam
1173 3742 1240 3800 loco
1269 3740 1465 3800 afferendam
1492 3742 1621 3816 putavi,

396 3855 469 3896 cum
491 3837 556 3896 ud.
581 3856 635 3914 ea,
660 3855 742 3912 quae
763 3840 836 3914 post
857 3839 1066 3897 Hauvettium
1088 3839 1127 3897 de
1143 3838 1329 3912 quaestione
1346 3838 1508 3913 disputata
1526 3842 1621 3913 sunt,

395 3937 562 4012 ignorasse
586 3936 741 3996 videatur.

431 4031 571 4114 Ἐποχὴν
598 4035 632 4094 in
659 4035 845 4110 quaestione
872 4035 1053 4094 Simonidea
1074 4036 1240 4094 tractanda
1262 4035 1408 4112 designat
1429 4035 1510 4108 lapis
1534 4034 1624 4094 Sala·

396 4133 480 4191 mine
507 4133 657 4192 inventus
688 4132 810 4210 (1897),
842 4135 874 4192 in
904 4151 967 4208 quo
993 4133 1143 4208 epitaphii
1167 4132 1228 4209 (ep.
1253 4131 1304 4208 96)
1329 4133 1565 4194 Corinthiorum
1589 4133 1623 4190 in

395 4248 504 4306 pugna
541 4231 714 4290 Salaminia
748 4231 986 4291 interfectorum
1022 4232 1112 4306 prius
1147 4233 1273 4290 tantum
1304 4231 1461 4290 distichon
1492 4231 1620 4306 legitur.

396 4393 554 4400 —n—-—

426 4498 461 4561 Q
497 4499 1621 4566 fficffimabfflhmffmpmoemmdmmoegSmffl,mmmsmpmm

393 4584 1623 4652 mmmwfflQfflmfflffihfflhstwwfffflwmmfflffifflu

393 4669 1336 4735 lffllplwsw.WMmmmnemmffifflwmqmmmmmt

426 4754 1622 4822 Μ)ΜΜψμΜΛΜΛΜΛΜΛΜΛῊΛΜΛΠΛΜ,ΝΜΉΜΜΜ

393 4839 1169 4906 amfflmfflwwfflmfflwmmffimm
