3516 5712
765 526 821 585 155
1311 523 1330 601 s
1353 524 1401 584 ar.

179 713 235 773 153
249 713 397 788 excripsi.
419 712 457 770 In
473 715 609 787 utroque
623 713 865 788 epigrammate,
884 712 1058 771 dummodo
1073 714 1155 771 recte
1169 712 1402 786 interpreteris,

177 812 216 870 de
243 811 363 870 Gratiis
392 810 587 870 monumenti
616 811 738 870 auctori
765 811 907 870 iavorem
936 811 1182 870 testificantibus
1211 827 1316 869 sermo
1344 812 1401 869 est.

178 909 427 984 Epigrammatis
456 909 557 968 nostri
586 906 653 985 (VI.
677 909 733 967 144
762 934 801 957 =
829 906 916 985 213⁸)
939 909 1231 983 interpretationem
1252 907 1405 966 debemus

179 1007 345 1065 Wilhelmo
372 1025 403 1082 p.
425 1006 498 1064 231:
530 1005 572 1063 ‘in
594 1006 848 1065 iibertreiilicher
873 1005 1079 1064 Schliohtheit
1100 1008 1172 1080 sagt
1193 1005 1251 1063 das
1273 1004 1406 1064 Gedicht

181 1103 250 1163 “als
271 1105 315 1163 du
338 1104 410 1162 dem
432 1104 567 1162 Hermes
591 1101 747 1162 Stroibos’
773 1103 861 1162 Sohn
884 1103 1056 1161 Leokrates
1078 1103 1145 1161 dies
1167 1103 1291 1161 Biidnis
1312 1102 1405 1161 weih-

177 1203 252 1276 test‚
288 1202 425 1260 dachten
456 1201 529 1259 dein
560 1201 611 1259 die
639 1198 814 1260 Chariten'’
845 1201 913 1259 und
941 1202 1013 1276 sagt
1041 1199 1139 1258 damit
1167 1200 1243 1258 allas
1271 1217 1337 1258 was
1366 1217 1405 1258 zu

178 1316 276 1375 sagen
307 1316 384 1357 war.
420 1300 481 1357 Der
512 1298 622 1358 Stiiter
648 1299 690 1357 ist
718 1300 877 1374 genennt,
913 1298 980 1356 sein
1009 1299 1104 1356 Vater
1132 1298 1198 1356 und
1228 1297 1285 1355 der
1312 1297 1402 1372 Gott,

177 1399 248 1457 dem
276 1398 327 1456 die
351 1397 510 1472 Weihung
531 1396 601 1472 gilt;
631 1394 706 1455 ιινιιί
728 1393 785 1456 die
805 1393 1002 1455 Zuversioht
1023 1393 1112 1454 wird
1133 1393 1404 1472 auspeaprocben

179 1494 255 1555 dem
287 1493 410 1555 stifter
439 1493 525 1554 solla
555 1491 616 1554 der
644 1491 748 1552 Doalc
779 1491 838 1553 dea
869 1491 987 1553 Gottea
1018 1492 1094 1552 ιιιιιί
1122 1491 1183 1553 τίαν
1210 1491 1283 1552 ihm
1310 1510 1406 1570 aupe-

176 1592 312 1654 atellterc
337 1591 500 1654 Chariten
521 1589 617 1651 nicht
636 1589 769 1651 fehlcn’.
795 1592 1001 1667 Epigramma
1023 1593 1128 1650 autem
1150 1591 1203 1651 VI.
1227 1591 1286 1650 212
1309 1591 1406 1649 maxi-

178 1710 260 1752 mam
279 1695 405 1768 partem
422 1690 603 1766 expeditum
622 1692 719 1764 atque
736 1693 846 1748 contra
866 1692 1009 1748 virorum
1025 1689 1191 1748 doctorum
1208 1689 1406 1748 coniecturas

176 1791 346 1849 defensum
376 1792 424 1849 est
456 1807 474 1848 a
502 1788 739 1847 Wilamowitzio
771 1805 801 1863 p.
827 1786 886 1846 318
917 1805 948 1846 n.
975 1788 1006 1846 1:
1043 1786 1159 1863 ‘Kyton
1187 1787 1281 1845 weiht
1309 1789 1406 1845 etwas

178 1889 249 1947 dem
276 1889 411 1964 Apollon
438 1887 586 1946 auidam
608 1887 732 1945 Marlrte
752 1886 784 1944 in
807 1885 943 1945 Korinth
966 1930 972 1943 .
999 1930 1005 1943 .
1033 1930 1039 1944 .
1066 1931 1072 1943 .
1098 1902 1164 1944 was
1185 1885 1278 1943 weiht
1300 1886 1405 1960 Kyton

178 1987 244 2045 und
271 2003 336 2046 wer
363 1986 406 2044 ist
433 2002 467 2043 es
495 1984 551 2042 der
579 1983 635 2042 ihn
657 1983 797 2042 anreden
820 1981 932 2042 kann?
968 1983 1030 2041 Das
1051 1982 1130 2041 wird
1152 1982 1296 2041 daduroh
1318 1981 1402 2054 hlar,

178 2084 253 2144 dass
281 2084 386 2142 dieser
415 2080 549 2142 δέσποτα
578 2099 617 2140 zu
642 2081 708 2140 ihm
731 2083 812 2157 sagt.
850 2080 892 2140 So
914 2079 1002 2139 redet
1023 2080 1074 2139 ein
1099 2079 1220 2140 Sclave.
1253 2079 1329 2137 Also
1350 2079 1406 2138 hat

179 2183 284 2257 Kyton
305 2182 379 2240 dem
400 2181 532 2256 Apollon
555 2179 613 2238 das
635 2179 706 2238 Bild
728 2180 814 2238 eines
838 2179 972 2238 Sclaven
995 2176 1150 2254 gcweiht'.
1176 2179 1263 2237 Haec
1276 2177 1402 2252 optime.

179 2279 315 2339 Alterius
338 2296 415 2337 vero
435 2278 561 2337 distichi
583 2278 749 2352 explicatio
770 2277 847 2335 mihi
869 2294 933 2335 non
955 2293 1090 2351 prorsus
1112 2275 1280 2335 satisfacit:
1311 2274 1406 2334 ‘dem-

120 2405 125 2414 ·
181 2376 289 2435 selben
304 2375 410 2435 haben
425 2376 475 2434 die
489 2376 729 2434 korinthisohen
744 2375 871 2451 Biirger
884 2375 951 2432 und
968 2375 1131 2433 Metoeken
1146 2374 1247 2433 durch
1264 2375 1403 2448 Krinze,

178 2474 229 2533 die
259 2475 305 2533 sic
336 2474 402 2532 ihm
434 2474 548 2533 votiert
580 2474 685 2533 haben
713 2474 804 2531 ihren
834 2473 926 2531 Danlr
953 2473 1226 2548 ausgesproohen:
1260 2470 1408 2550 ἐτίμησαν

179 2569 317 2631 ἐπαίνων
352 2570 498 2649 χρυσέοις
531 2570 715 2649 στεφάνοις,
750 2570 799 2630 ίνα
834 2568 977 2648 φαίνοιτο
1011 2567 1030 2629 ὁ
1066 2568 1168 2649 δῆμος
1204 2567 1252 2647 (τὸ
1284 2566 1405 2646 κοινὸν)

179 2667 306 2746 χάριτας
334 2666 508 2736 ἀποδιδοὺς
535 2673 598 2736 ταῖς
620 2667 692 2746 περὶ
713 2665 808 2728 αὐτὸν
830 2666 1003 2746 φιλοτίμοις
1025 2661 1265 2747 γεγενημένοιςῖ
1301 2669 1407 2728 Huius

180 2769 285 2825 autem
311 2767 547 2842 paraphraseos
570 2767 758 2825 sententiam
780 2766 935 2825 extricare
956 2782 1020 2824 non
1042 2783 1174 2841 possum
1196 2784 1235 2825 ex
1256 2767 1408 2826 carminis

180 2865 285 2923 verbis
314 2865 416 2923 hisce:
446 2861 509 2924 ὑπὸ
538 2862 648 2933 ξείνων
676 2885 707 2923 τε
734 2861 787 2922 καὶ
816 2863 848 2923 οἳ
872 2861 993 2923 ναίουσι
1014 2860 1200 2940 Κόρινθον)
1220 2861 1308 2926 αἶνον
1329 2864 1408 2943 ἔχεις

179 2960 316 3040 χαρίτων
337 2965 401 3028 τοῖς
422 2959 595 3039 στεφάνοις.
621 2961 778 3036 Equidem
800 2962 832 3019 in
854 2961 914 3020 hac
936 2963 1092 3021 sententia
1114 2963 1316 3037 explananda
1334 2981 1407 3022 oum

178 3061 280 3120 littera
309 3061 486 3120 maiuscula
516 3060 697 3134 scripserim
726 3055 877 3135 Χαρίτων
898 3058 950 3135 125)
980 3061 1077 3134 atque
1106 3059 1298 3120 vocabulum
1320 3057 1408 3119 αἶνον

179 3157 337 3217 iunxerim
370 3160 401 3216 et
432 3175 506 3217 cum
537 3157 644 3216 verbis
675 3153 739 3216 ὑπὸ
771 3155 871 3226 ξένων
902 3178 933 3216 τε
964 3154 1017 3216 καὶ
1047 3155 1184 3217 πολιτῶν
1213 3156 1266 3233 (ci.
1296 3157 1315 3236 ἡ
1344 3155 1408 3218 ὑπὸ

179 3254 307 3316 πάντων
337 3253 410 3334 τιμὴ
443 3257 520 3314 Xen.
553 3255 627 3331 Cyr.
659 3253 720 3314 ΙΙΙ.
753 3255 781 3313 3.
813 3254 845 3331 2)
875 3257 905 3314 et
934 3272 1007 3314 cum
1035 3251 1199 3332 Χαρίτων;
1233 3255 1407 3315 locutiones

180 3352 258 3431 ἔχεις
284 3349 374 3412 αἶνον
402 3349 465 3412 ὑπὸ
492 3385 532 3394 —-
559 3350 695 3412 πολιτῶν
723 3358 819 3427 atque
845 3351 924 3431 ἔχεις
945 3349 1033 3412 αἶνον
1054 3349 1205 3430 Χαρίτων
1226 3370 1262 3411 eo
1283 3353 1408 3412 facilius

180 3452 212 3510 in
237 3469 337 3510 unam
358 3450 534 3510 coalescere
555 3454 744 3526 potuerunt,
770 3467 840 3525 quo
861 3451 964 3526 magis
987 3454 1078 3526 poeta
1100 3448 1153 3510 τὸν
1174 3453 1237 3510 τῶν
1257 3447 1408 3528 Χαρίτων

180 3545 266 3608 αἶνον
295 3549 502 3608 manifestum
530 3549 650 3609 iactum
679 3566 749 3608 csse
777 3549 880 3608 dicere
908 3549 1008 3609 voluit
1032 3555 1077 3628 τῷ
1097 3551 1160 3608 τῶν
1182 3546 1282 3617 ξένων
1303 3570 1334 3607 τε
1355 3547 1409 3607 καὶ

180 3643 315 3705 πολιτῶν
337 3644 432 3723 αἴνῳτ
458 3645 611 3721 cratiae,
636 3664 709 3705 cum
731 3646 816 3705 cives
838 3647 1062 3724 peregrinique
1082 3647 1139 3706 tibi
1157 3647 1282 3706 coronis
1301 3649 1407 3722 grates

180 3746 310 3820 agerent
341 3760 400 3817 pro
431 3743 564 3802 donario
595 3743 731 3818 Apollini
762 3743 926 3819 dedicato,
961 3744 1147 3804 testificatae
1178 3746 1254 3802 sunt
1286 3761 1320 3802 se
1351 3744 1408 3802 tibi

179 3845 316 3916 tuaeque
337 3842 526 3901 dedicationi
547 3842 691 3901 faventes
712 3840 869 3901 affuisse'.
900 3841 1021 3901 Servus
1043 3843 1141 3918 igitur
1163 3842 1316 3917 Gytonem
1338 3858 1407 3915 pre-

180 3941 244 3998 cari
275 3940 363 3998 iubet
396 3938 430 4015 (i.
453 3957 480 3998 e.
512 3940 592 4016 Cyto
624 3943 773 4015 precatur
804 3938 904 4016 ipse),
938 3943 974 3998 ut
1002 3941 1112 4015 Apollo
1143 3956 1243 4013 aeque
1272 3939 1408 4014 propitio

181 4038 285 4096 animo
308 4037 393 4096 servi
415 4037 622 4097 simulacrum
644 4038 677 4096 in
699 4039 769 4097 foro
790 4038 929 4112 positum
952 4039 1093 4113 accipere
1114 4038 1188 4096 velit
1206 4055 1243 4096 ac
1261 4037 1405 4112 Gratiae,

181 4153 318 4209 quarum
350 4136 442 4194 iussu
474 4136 560 4194 cives
592 4153 741 4194 coronam
774 4136 835 4210 ipsi
866 4136 1055 4211 obtulerint,
1091 4136 1140 4193 vel
1171 4137 1206 4193 ut
1234 4132 1410 4196 Leocratis

181 4233 419 4309 epigrammatis
453 4235 526 4291 utar
561 4233 688 4291 verbis:
724 4229 761 4291 K
763 4231 866 4292 ύτων
901 4230 967 4292 τόδ’
998 4231 1124 4310 ἄγαλμα
1157 4227 1218 4292 εὖτ’
1247 4230 1409 4310 ἀνέθηκας

178 4327 365 4403 Ἀπόλλωνι,
387 4326 600 4408 καλλικόμους
621 4328 681 4389 οὐκ
703 4328 815 4396 ἔλαθες
835 4327 986 4407 Χάριτας.

221 4430 350 4488 Nullum
371 4428 435 4487 iam
456 4428 569 4503 opinor
590 4429 676 4504 apud
697 4430 830 4488 lectores
851 4432 959 4489 extare
980 4429 1131 4503 dubium,
1163 4429 1241 4503 quin
1268 4427 1410 4505 Cytoriis

183 4526 377 4601 epigramma
398 4525 463 4601 (VI.
482 4524 554 4602 212)
574 4527 670 4585 fuerit
688 4545 755 4602 ep,
780 4527 829 4586 oui
848 4529 978 4602 propter
997 4530 1222 4603 argumentum
1241 4527 1408 4602 repetitum

185 4623 338 4700 Meleager
366 4623 568 4682 subiunxerit
596 4642 644 4699 ep.
670 4622 846 4685 Leocratis
875 4625 941 4701 (VI.
966 4623 1070 4701 213*);
1100 4625 1185 4700 quod
1212 4625 1325 4685 deinde
1346 4625 1409 4684 iam

187 4749 341 4759 ——-

217 4827 261 4892 125)
295 4830 334 4880 of.
354 4831 456 4893 Bergkii
474 4831 625 4880 coniectura
642 4829 802 4896 Χαρίτων
819 4827 907 4880 ἕσπετ’
922 4829 980 4886 ὅπις
997 4828 1144 4896 στεφάνοις.
