3572 5716
772 499 828 563 193
1198 499 1217 582 a
1242 501 1409 566 110-112.

185 689 288 752 bachii
322 689 437 768 (Melet.
469 689 523 752 Gr.
555 708 585 765 p.
619 689 691 767 18),
726 691 782 765 qui
814 709 843 750 v.
875 691 906 749 d.
936 693 1043 749 tamen
1075 707 1114 750 ex
1145 691 1411 767 epigrammatum

187 790 443 865 Cephalanorum
478 789 568 864 copia
603 807 621 848 a
658 788 758 849 Suida
793 789 916 863 prolata
950 789 1067 848 iniuria
1101 789 1205 848 eiiecit
1240 789 1411 864 Cephalam

185 887 394 963 Anthologiae
414 904 492 946 suae
512 887 610 945 finem
631 886 824 961 imposuisse
841 889 913 961 post
931 887 992 945 ΑΡ.
1012 887 1066 944 ΙΧ.
1085 886 1142 946 563
1163 885 1232 962 (ubi
1250 888 1411 946 manusB

185 989 306 1045 textum
327 1003 460 1045 exarare
480 982 614 1060 incipit).
650 984 853 1044 Percurrenti
874 986 980 1042 autem
1001 984 1034 1042 in
1057 985 1249 1058 scriptorum
1271 1002 1288 1043 a
1313 984 1412 1044 Suida

184 1084 388 1142 laudatorum
409 1083 512 1142 indice
532 1083 617 1158 apud
640 1082 887 1157 Bernhardyum
909 1082 942 1139 II
963 1100 994 1157 p.
1020 1081 1097 1141 1963
1119 1099 1189 1156 sqq.
1214 1085 1327 1141 seriem
1348 1084 1412 1158 epi·

185 1183 399 1256 grammatum
418 1181 544 1239 Anthol.
569 1181 748 1255 Palatinae,
773 1196 856 1254 quae
876 1178 993 1238 Suidas
1009 1180 1164 1254 respexit,
1189 1181 1295 1239 statim
1312 1181 1412 1240 elucet

183 1279 272 1337 illum
305 1279 416 1337 sedulo
446 1279 626 1337 excussisse
658 1278 873 1353 Cephalanam
904 1277 999 1336 Anth.
1030 1295 1134 1352 usque
1165 1279 1206 1337 ad
1233 1279 1303 1338 VII.
1335 1279 1409 1354 247,

184 1383 252 1434 tum
273 1378 380 1435 autem
401 1376 510 1435 labore
531 1377 763 1451 supersedisse3
786 1393 826 1434 ex
846 1375 1086 1450 epigrammatis
1108 1376 1238 1449 reliquis
1260 1394 1323 1435 non
1346 1395 1411 1436 arn·

185 1474 267 1548 plius
289 1475 398 1533 decem
419 1474 470 1532 vel
490 1474 656 1533 duodecim
676 1474 820 1532 laudavit
842 1471 895 1550 (oi.
922 1471 942 1549 ξ
964 1471 1017 1549 94)
1033 1469 1097 1548 155).

224 1572 327 1648 Vulgo
345 1573 462 1632 Suidas
480 1590 550 1647 epp.
571 1573 753 1647 Cephalana
772 1572 822 1630 vel
839 1588 950 1630 eorum
969 1571 1148 1647 fragmenta
1164 1572 1273 1631 laudat
1291 1573 1411 1632 adiecta

185 1673 258 1729 nota
288 1667 363 1747 (ὡς)
393 1668 425 1730 ἒν
453 1668 685 1748 ἐπιγράμμασιν
710 1671 850 1729 auctoris
872 1671 1000 1729 nomine
1020 1671 1149 1729 omisso.
1183 1671 1255 1729 Non
1276 1673 1354 1730 solet
1375 1690 1412 1731 ea

185 1784 256 1826 cum
287 1768 359 1827 aliis
390 1769 546 1844 excerptis
577 1770 727 1828 conflare.
772 1769 828 1828 Vel
848 1785 885 1827 ea
905 1768 945 1826 de
965 1785 1063 1828 causa
1084 1785 1210 1826 errasse
1231 1770 1411 1829 censendus

184 1868 230 1924 est
259 1866 361 1924 Hiller
389 1883 419 1940 p.
443 1866 518 1942 233,
550 1885 623 1926 cum
653 1866 786 1926 Suidam
814 1884 863 1941 ep.
891 1865 968 1926 Sim.
993 1866 1031 1925 90
1057 1899 1097 1908 -
1121 1867 1207 1941 quod
1228 1867 1410 1942 ceteroquin

183 1964 215 2021 in
236 1964 426 2040 Anthologia
449 1964 592 2024 Palatina
613 1982 678 2022 non
699 1964 815 2040 legitur
836 1996 875 2005 —
896 1981 935 2021 ex
956 1963 1051 2022 Anth.
1074 1963 1255 2038 Cephalana
1277 1965 1410 2038 petitum

184 2061 310 2136 glossae
339 2057 475 2140 Ποικίλη
507 2063 660 2121 adiecisse
691 2063 817 2136 putaret
850 2060 903 2138 (ci.
938 2059 957 2138 ἓ
991 2061 1028 2120 59
1060 2063 1090 2120 et
1124 2059 1143 2139 ᾖ
1173 2060 1256 2137 112).
1291 2063 1411 2122 Textus

187 2158 304 2218 Suidae
325 2161 454 2234 saepius
475 2161 585 2220 eadem
606 2160 744 2219 ostendit
763 2159 838 2218 vitia
857 2162 953 2234 atquc
971 2159 1146 2218 Palatinus
1171 2159 1411 2236 Epigrammata

186 2255 367 2316 Simoniden
396 2276 414 2316 a
445 2258 544 2319 Suida
572 2261 714 2333 respecta
741 2260 820 2318 haec
848 2261 939 2317 sunt:
968 2276 1016 2333 ep.
1043 2257 1098 2316 141
1126 2257 1166 2335 (s.
1191 2276 1222 2317 v.
1248 2255 1407 2335 ὁορειίσο,

184 2356 222 2413 ci.
249 2353 268 2432 ᾖ
293 2352 414 2431 137,4);
438 2375 486 2432 ep.
512 2358 569 2415 144
594 2356 633 2433 (S.
658 2374 688 2415 v.
714 2351 789 2434 ἧσο,
811 2353 928 2433 μελίαι,
950 2354 1063 2434 πονοι),
1086 2354 1255 2433 ιέτρυσαι);
1278 2374 1327 2432 ep.
1353 2357 1411 2416 150

185 2450 223 2529 (s.
250 2472 279 2512 v.
305 2451 448 2532 ἀγοστῷ,
472 2455 512 2514 ci.
538 2473 569 2513 n.
597 2454 653 2514 155
674 2457 705 2513 et
728 2452 747 2530 ἐ
770 2453 806 2513 91
830 2472 860 2528 p.
887 2452 973 2529 154);
996 2471 1044 2528 ep.
1071 2454 1128 2513 179
1151 2452 1191 2530 (a.
1214 2472 1244 2513 v.
1268 2452 1410 2531 ἀπομορ-

184 2548 307 2630 ξάμην,
338 2550 523 2630 βουφάγος,
555 2550 715 2630 ἥροσσον,
747 2548 933 2628 κοιήλυσιν,
964 2548 1082 2627 λάτρις,
1115 2548 1233 2627 ὄρειο);
1269 2569 1317 2626 ep.
1354 2551 1411 2611 180

186 2647 223 2724 (S.
248 2667 279 2707 v.
310 2646 479 2726 οἰνωπός);
508 2668 556 2725 ep.
583 2649 639 2708 183
669 2648 710 2727 (s.
736 2667 766 2708 v.
794 2645 935 2726 γεραιός,
964 2646 1089 2726 ἡμερίς,
1117 2645 1245 2726 λαρός);
1274 2666 1323 2724 ep.
1354 2648 1410 2709 184

186 2745 223 2822 (e.
242 2765 273 2805 v.
290 2744 424 2825 μολπή).
450 2749 488 2806 In
504 2748 554 2806 his
569 2747 821 2824 epigrammatis,
844 2749 1003 2821 quatenus
1019 2764 1083 2804 non
1098 2746 1303 2805 librariorum
1318 2748 1411 2822 culpa

186 2843 358 2904 Simonidis
387 2863 502 2904 nomen
530 2848 736 2920 acceperunt,
771 2844 888 2904 Suidas
911 2845 1127 2919 repraesentat
1148 2844 1350 2903 traditionem
1375 2844 1407 2905 S.

224 2940 243 3019 ᾖ
268 2942 335 3000 112.
381 2941 432 3002 Dc
452 2959 526 3018 epp.
549 2959 585 3002 er
604 2940 833 3019 scriptoribus
848 2939 981 3017 petitis.
1016 2942 1066 2999 Ex
1088 2941 1298 3016 scriptoribus
1320 2960 1409 3016 prae-

184 3041 230 3098 ter
257 3041 353 3098 Anth.
383 3041 597 3116 Cephalanam
625 3042 742 3100 hausta
769 3041 921 3116 leguntur
949 3040 1034 3115 apud
1065 3038 1197 3098 Suidam
1228 3039 1410 3100 Simonidea

183 3154 253 3213 epp.
278 3139 371 3197 haec:
545 3138 550 3148 '

222 3237 281 3310 Ep.
306 3236 339 3294 in
361 3236 516 3295 Aaronem
538 3254 563 3294 e.
589 3255 618 3295 v.
637 3233 773 3313 Ἄκρον.
803 3237 889 3294 Fons
911 3236 1073 3298 nimirum,
1086 3237 1243 3310 Diogenes
1265 3235 1410 3300 Laertius

184 3333 217 3391 V.
242 3333 280 3393 68
312 3335 360 3392 est
393 3331 445 3410 (ci.
472 3332 491 3411 ἓ
516 3331 578 3410 75).
614 3334 864 3410 Epigrammatis
896 3335 1034 3409 utraque
1064 3333 1192 3392 traditio
1226 3331 1264 3410 (A
1292 3336 1322 3392 et
1352 3332 1407 3409 S),

184 3448 265 3504 quae
285 3432 329 3490 ibi
350 3432 480 3508 legitur,
505 3450 523 3491 a
548 3432 646 3492 Suida
669 3433 831 3508 repetitur.

223 3531 281 3605 Ep.
306 3529 345 3589 90
373 3528 473 3607 (quod
494 3548 656 3605 nusquam
680 3530 852 3590 Simonidis
874 3530 1002 3589 nomine
1022 3530 1212 3605 insignitum
1233 3531 1406 3605 invenitur,
1446 3591 1450 3598 ,

185 3628 222 3686 ci.
248 3625 268 3704 ξ
291 3625 343 3701 44)
367 3645 393 3686 s,
418 3646 448 3686 v.
473 3623 617 3705 Ποικίλη.
640 3629 747 3688 Unum
768 3628 965 3704 epigramma
986 3628 1027 3687 ad
1048 3628 1143 3686 Anth.
1168 3627 1265 3700 Ceph.
1291 3627 1410 3687 referre

185 3726 282 3784 voluit
315 3726 413 3784 Hiller
447 3723 481 3802 (ξ
515 3725 553 3785 59
584 3729 613 3785 et
647 3724 666 3802 ᾗ
700 3723 787 3801 111),
819 3743 878 3784 nos
900 3729 999 3784 totam
1019 3726 1158 3800 glossam
1181 3725 1221 3783 ad
1243 3725 1409 3799 Ephorum

185 3823 302 3882 referre
322 3824 483 3884 malumus
506 3823 559 3900 (oi.
582 3821 601 3900 ἓ
624 3821 688 3897 59).
714 3824 876 3883 Incertum
898 3826 1004 3882 autem
1025 3825 1089 3897 est,
1114 3840 1152 3882 ex
1174 3840 1238 3896 quo
1256 3823 1410 3898 scriptore

186 3922 304 3980 venerit
324 3922 357 3980 in
379 3939 495 3981 manus
519 3921 646 3980 Suidae.
672 3923 823 3980 Fortasse
843 3922 985 3980 eiusdem
1007 3924 1075 3979 erat
1096 3921 1222 3995 generis
1244 3923 1341 3995 atque
1361 3921 1406 3995 ia,

186 4019 233 4076 oui
256 4018 418 4078 Schwartz
440 4019 625 4077 PW.-RE.
650 4019 693 4076 II.
718 4018 777 4078 928
799 4036 847 4093 sq.
872 4019 987 4078 debere
1010 4017 1143 4077 Suidam
1164 4021 1256 4092 putat

223 4118 281 4192 Ep.
298 4116 355 4176 138
377 4134 402 4175 a.
417 4135 448 4176 v.
464 4113 656 4183 Παυσανίας.
679 4116 882 4191 Quamquam
903 4120 934 4176 et
954 4135 994 4175 ex
1013 4118 1103 4175 textu
1124 4117 1150 4175 A
1171 4118 1201 4174 et
1222 4134 1261 4175 ex
1282 4117 1411 4175 nomine

187 4288 342 4296 ξ-

216 4391 262 4456 155)
296 4395 406 4444 Suidam
429 4395 527 4444 librum
551 4395 602 4443 AP.
626 4395 687 4443 lllll
711 4396 763 4444 iarn
787 4396 820 4444 ab
838 4396 918 4444 nntn.
936 4393 1090 4458 Cephalana
1107 4399 1276 4458 segregatum
1295 4396 1410 4457 novisse,

186 4492 234 4526 non
260 4494 290 4527 eo
315 4480 417 4529 scilicet
442 4485 558 4543 constat,
585 4481 654 4543 quod
684 4482 788 4529 nullum
814 4481 895 4529 huius
919 4480 979 4528 libri
1002 4495 1042 4542 ep.
1067 4480 1173 4540 laudat,
1199 4480 1242 4529 sed
1269 4495 1313 4542 eo,
1340 4481 1410 4543 qnod

186 4563 295 4612 alterum
322 4565 452 4614 distichon
479 4579 518 4628 ep.
544 4565 584 4613 Vl.
610 4564 660 4613 144
687 4581 716 4607 =
740 4562 803 4613 213*
827 4565 933 4627 respicit
956 4581 976 4613 s.
995 4581 1017 4614 v.
1041 4560 1158 4627 ἀγοστῴ;
1184 4565 1210 4612 id
1235 4565 1306 4613 enirn
1331 4565 1410 4627 priori

186 4647 384 4712 interpolatione
406 4651 515 4700 accessit
538 4656 596 4714 post
618 4651 715 4699 librum
741 4650 791 4698 ΑΡ.
816 4651 874 4699 Xlll
897 4652 1072 4712 compositum
1096 4648 1139 4710 (cl.
1162 4647 1221 4710 §ar
1250 4665 1273 4713 p.
1291 4649 1360 4710 101),
1379 4675 1408 4682 -

187 4731 280 4782 Contra
304 4735 373 4784 haud
399 4736 451 4784 scio
474 4751 507 4784 an
532 4737 664 4785 Planudes
687 4737 818 4797 integram
841 4737 1028 4799 Anthologiam
1046 4734 1225 4798 Cephalanarn
1244 4733 1411 4797 usurpaverit

187 4814 227 4878 (cl.
245 4816 258 4881 ἕ
274 4817 307 4868 94
324 4835 347 4884 p.
366 4819 434 4883 170).

1276 4901 1310 4954 18
