3546 5724
378 473 454 546 (lap.
479 473 505 530 I.
981 470 999 530 8

376 660 450 718 inde
468 659 674 733 derivaverit,
696 659 782 733 quod
798 658 995 717 Herodotum
1015 658 1127 716 fecisse
1141 657 1235 716 finxit
1250 658 1383 734 Preger,
1409 658 1603 720 Simonidem

378 760 501 817 tantum
520 757 758 833 epigrammatis
776 773 847 815 esse
864 755 1092 830 dedicatorem,
1118 756 1364 831 Amphictyones
1383 758 1489 815 autem
1508 757 1600 832 cippi.

419 855 614 915 Simonidem
653 855 833 914 condidisse
871 855 1103 930 epigramma,·
1130 854 1222 914 cuius
1260 854 1422 913 dedicator
1460 853 1600 929 dicatur,

378 955 495 1029 Preger
531 971 594 1012 non
630 954 744 1028 negat,
783 969 857 1011 nam
895 950 1110 1010 ‘manifestum
1145 954 1193 1010 est
1215 955 1353 1028 poetam
1388 952 1419 1009 in
1458 953 1604 1010 versibus

377 1051 529 1110 iaciendis
558 1069 622 1109 non
651 1050 753 1108 aliena
777 1067 873 1125 opera
894 1066 991 1108 usum
1012 1047 1105 1107 esse'.
1141 1050 1317 1124 Explicatic
1339 1051 1444 1108 autern
1467 1050 1604 1125 Pregero

377 1149 483 1207 danda
515 1149 635 1222 iuerat,
670 1166 733 1223 qua
762 1149 802 1206 de
829 1164 926 1207 causa
955 1147 1091 1222 scriptor
1119 1147 1338 1207 auctoritatem
1370 1146 1601 1222 Simonideam,

377 1247 416 1304 de
437 1263 501 1320 qua
522 1246 590 1321 ipse
611 1245 758 1304 dubitare
780 1262 842 1303 non
865 1245 1008 1320 potuisse
1030 1245 1170 1319 videtur,
1194 1247 1303 1320 aperte
1322 1263 1386 1305 non
1403 1246 1601 1306 indicaverit.

419 1344 603 1403 Ceterorum
630 1361 758 1419 quoque
778 1345 1044 1419 epigrammatum
1066 1343 1239 1402 auctoritas
1263 1343 1445 1402 Simonides
1467 1345 1605 1420 Pregero

378 1445 461 1500 certa
491 1442 626 1500 videtur.
663 1443 709 1502 Ad
738 1459 833 1515 quam
861 1441 1143 1500 demonstrandam
1165 1459 1246 1500 usus
1267 1444 1315 1500 est
1337 1444 1527 1517 argumento
1547 1442 1604 1500 illi·

378 1540 448 1598 cit0.
479 1540 559 1597 Nam
583 1540 700 1598 auxilio
722 1539 887 1599 arcessivit
909 1540 1120 1614 posteriorum
1143 1539 1182 1597 de
1202 1540 1317 1598 horum
1339 1539 1604 1614 epigrammatum

381 1637 562 1695 Simonidea
587 1637 709 1712 origine
730 1636 924 1710 testimonia3
955 1653 1037 1710 qnae
1058 1637 1169 1712 procul
1192 1639 1267 1695 sunt
1288 1637 1452 1711 habenda,
1484 1637 1605 1711 siquis

378 1735 522 1810 quaerit,
561 1734 638 1809 quid
671 1733 915 1808 antiquissimus
950 1734 1123 1794 Simonidei
1155 1734 1394 1810 epigrammatis
1425 1735 1514 1793 testis
1547 1753 1605 1793 nos

378 1833 505 1891 edoceat
526 1834 565 1891 de
588 1832 789 1892 Simonideae
810 1832 1007 1891 auctoritatis
1029 1832 1106 1905 iide;
1137 1849 1219 1906 quae
1241 1832 1420 1891 testimonia
1442 1835 1605 1907 praeterea

378 1931 448 2005 ipso
477 1931 545 1990 loco
573 1930 752 1990 Herodoteo
781 1930 837 1988 niti
866 1930 998 2005 possint.
1035 1930 1127 1998 Quod
1150 1947 1260 1989 revera
1282 1947 1345 1989 usu
1368 1930 1476 1988 venire
1497 1933 1605 2005 postca

380 2029 558 2088 videbimus
586 2027 621 2105 (ξ
643 2029 681 2087 44
704 2026 803 2103 sqq.).
1108 2099 1112 2112 .
1549 2088 1551 2092 ,

420 2126 490 2203 §t
536 2145 561 2186 c.
607 2128 813 2186 Hauvette
836 2125 879 2201 (p.
906 2126 943 2184 10
966 2124 1064 2201 sqq.).
1108 2126 1170 2195 Qui
1192 2126 1257 2185 v.d.
1282 2143 1479 2200 quamquam
1501 2128 1605 2187 locum

379 2227 539 2301 integrum
560 2243 631 2284 esse
652 2229 776 2284 etcum
798 2226 936 2301 Pregero
958 2224 1056 2284 verba
1077 2221 1116 2283 Σ.
1138 2222 1199 2284 ἐστὶ
1217 2222 1235 2284 ὁ
1254 2222 1432 2302 ἐπιγράψας
1449 2225 1605 2300 epigram·

379 2325 472 2382 matis
493 2324 688 2383 inscribendi
710 2323 864 2382 actionem
887 2323 1043 2398 respicere
1065 2324 1156 2397 putat
1179 2321 1393 2399 (Simonide.
1410 2367 1416 2380 .
1433 2366 1440 2381 .
1459 2325 1606 2398 apparait

380 2423 553 2480 seulement
575 2439 695 2480 comme
716 2420 803 2480 l’ami
822 2421 877 2495 qui
895 2438 913 2479 a
931 2421 998 2495 pris
1018 2421 1087 2479 soin
1106 2421 1145 2478 de
1162 2420 1241 2478 faire
1259 2437 1375 2496 graver
1392 2437 1456 2479 une
1473 2421 1613 2495 inscrip·.

380 2519 445 2578 tion
468 2537 525 2577 sur
545 2520 573 2578 le
594 2520 742 2578 tombeau
765 2520 808 2577 du
830 2518 924 2577 davin
947 2516 1078 2594 Meg'),
1103 2521 1209 2576 tamen
1231 2519 1429 2578 Herodotum
1452 2519 1497 2578 sic
1517 2519 1606 2577 intel-

380 2618 549 2692 legendum
584 2635 655 2676 esse
689 2618 879 2692 arbitratur,
918 2619 952 2675 ut
990 2616 1169 2684 Simonides
1204 2617 1332 2691 cippum
1364 2633 1493 2691 quoque
1525 2616 1606 2674 vatis

381 2715 587 2774 statuendum
615 2734 745 2774 curasse
771 2716 917 2774 videatur
940 2714 1073 2792 (tandis
1095 2731 1158 2788 que
1178 2715 1223 2772 les
1245 2714 1358 2790 Amph.
1383 2717 1439 2774 ont
1459 2715 1516 2774 fait
1537 2715 1606 2773 offi-

381 2813 554 2872 ciellement
581 2815 627 2872 les
655 2814 732 2872 irais
761 2814 817 2873 des
846 2814 939 2872 stelas
967 2815 998 2871 et
1025 2813 1064 2871 de
1091 2813 1121 2871 la
1150 2829 1289 2888 gravure
1317 2813 1372 2872 des
1394 2813 1606 2889 epigrammes

380 2929 462 2985 pour
493 2911 538 2969 les
569 2911 653 2969 deux
686 2913 839 2986 premiers
870 2913 1091 2985 monuments,
1126 2909 1205 2969 c'est
1232 2927 1271 2968 en
1301 2927 1359 2969 son
1388 2929 1504 2986 propre
1532 2929 1606 2970 nom

380 3027 442 3084 que
465 3009 627 3068 Simonide
648 3027 666 3068 a
689 3010 790 3068 rendu
813 3011 857 3068 les
879 3013 997 3069 memes
1019 3010 1184 3067 honneurs
1206 3012 1224 3066 a
1247 3026 1305 3067 son
1327 3007 1429 3084 hote’,
1459 3012 1490 3068 et
1511 3011 1607 3085 paulo

380 3109 466 3181 post:
491 3106 540 3165 ‘en
563 3108 686 3183 realite,
711 3106 939 3167 l’cbservaticn
958 3108 997 3166 de
1013 3105 1192 3166 l’historien
1212 3124 1246 3166 se
1265 3111 1414 3183 rapporte
1433 3109 1607 3168 seulement

380 3208 397 3264 a
425 3205 456 3263 la
483 3205 654 3265 difference
683 3207 738 3264 des
767 3223 943 3280 personnes
965 3206 1020 3280 qui
1042 3208 1098 3264 ont
1120 3203 1209 3265 ctccc'
1228 3204 1274 3264 les
1296 3204 1514 3281 tombeaus').
1548 3207 1603 3281 At,

380 3302 528 3377 obsecro,
562 3304 666 3377 qualis
698 3307 746 3362 est
778 3304 855 3362 haec
888 3301 1111 3363 ratiocinatio?
1144 3303 1282 3378 Agnovit
1311 3303 1375 3361 v.d.
1409 3305 1607 3363 Herodotum

380 3400 506 3459 tradere
537 3401 577 3459 ab
605 3402 891 3477 Amphictyonibus
919 3402 1040 3477 positos
1070 3419 1140 3460 esse
1169 3402 1278 3477 cippos
1306 3419 1433 3477 omneS,
1468 3419 1606 3476 quorum

380 3498 462 3556 duos
493 3499 555 3573 ipsi
586 3499 771 3558 ornaverint
802 3499 1044 3574 epigrammate;
1074 3499 1114 3558 ab
1143 3500 1241 3558 altera
1271 3503 1377 3558 autem
1404 3502 1495 3574 parte
1523 3517 1607 3558 asse-

380 3599 469 3656 verat
493 3595 687 3655 Simonidem
709 3599 815 3673 ipsum
838 3598 989 3656 statuisse
1010 3598 1107 3672 pilam
1130 3597 1222 3656 vatis.
1268 3597 1329 3664 Qui
1351 3598 1516 3672 opiniones
1537 3598 1607 3656 illas

380 3695 556 3753 contrarias
586 3696 682 3753 simul
711 3696 854 3770 prolerre
884 3695 948 3754 v.d.
974 3695 1127 3771 potuerit,
1158 3696 1227 3770 ipse
1248 3713 1406 3770 exponere
1427 3695 1553 3755 videtur
1574 3695 1607 3753 in

380 3793 584 3852 annotatione
611 3794 645 3851 2³
668 3811 698 3868 p.
726 3793 777 3852 10:
810 3792 859 3852 ‘en
882 3794 1034 3868 adoptant
1056 3796 1135 3852 cette
1157 3794 1396 3868 interpretation
1421 3791 1478 3869 (sc.
1502 3794 1607 3852 locum

380 3891 540 3966 integrum
561 3889 662 3966 esse),
693 3909 774 3950 nous
797 3909 837 3950 ne
858 3908 1005 3968 crocotas
1026 3909 1083 3966 pas
1107 3936 1113 3948 .
1135 3937 1140 3948 .
1163 3937 1169 3948 .
1191 3937 1197 3949 .
1222 3909 1284 3966 que
1308 3890 1470 3950 Simonide
1492 3909 1526 3950 se
1547 3893 1608 3950 scit

380 3989 480 4048 borne
507 3993 525 4047 a
554 3989 633 4047 faire
661 4007 777 4064 graver
798 3987 971 4064 l’epitaphe
992 3989 1030 4047 de
1051 3990 1153 4063 Meg,
1186 4006 1263 4046 sans
1285 3989 1374 4047 avoir
1396 3989 1607 4063 personnetle·

381 4090 467 4145 ment
495 4087 660 4146 contribue
688 4090 706 4146 a
735 4086 915 4146 l’elevation
944 4087 988 4146 du
1016 4086 1182 4162 tombeau,
1213 4088 1259 4145 les
1285 4087 1369 4146 deux
1391 4089 1503 4146 choses
1525 4105 1608 4146 nous

380 4185 559 4262 paraissent
590 4185 809 4259 inseparahles
841 4186 922 4244 dans
954 4187 983 4244 la
1016 4189 1132 4260 penses
1163 4183 1360 4244 d’Herodote
1391 4187 1421 4243 at
1452 4186 1533 4244 dans
1560 4186 1608 4244 les

380 4282 465 4340 ideas
487 4282 542 4340 des
564 4282 717 4341 anciens'.
750 4285 909 4343 Hauvette
931 4302 995 4342 non
1017 4284 1210 4342 intellexisse
1231 4284 1307 4341 mihi
1330 4284 1455 4342 videtur
1477 4301 1536 4342 nos
1557 4283 1609 4342 hic

381 4381 504 4438 versari
538 4381 569 4437 in
603 4399 637 4439 re
667 4383 839 4457 peculiari,
878 4383 909 4440 in
943 4400 1006 4456 qua
1038 4382 1267 4458 disiungantur
1297 4383 1367 4456 ipsa
1398 4382 1451 4440 illa
1483 4382 1608 4456 pietatis

380 4479 579 4552 testimonia,
620 4497 701 4553 quae
738 4497 863 4555 semper
899 4481 1058 4539 artissime
1094 4481 1262 4539 coniuncta
1298 4480 1435 4538 inveniri
1473 4481 1605 4539 soleant.

381 4576 584 4651 Quamquam
614 4577 679 4635 v.d.
710 4577 778 4651 ipse
805 4580 927 4637 textum
949 4578 1102 4637 traditum
1124 4580 1165 4637 ah
1187 4578 1428 4652 interpolatione
1450 4577 1605 4653 vindicat,

381 4674 449 4731 eius
477 4675 643 4748 explicatio
673 4692 783 4733 revera
814 4676 924 4734 nititur
952 4678 1041 4734 textu
1071 4677 1267 4751 Bergkiano,
1299 4676 1331 4734 in
1360 4693 1424 4750 quo
1453 4693 1515 4744 vox
1543 4661 1608 4735 ἒπί-

382 4791 514 4848 γραμμα
536 4789 594 4846 pro
615 4772 751 4832 insiticia
773 4773 881 4832 habita
903 4775 959 4832 est.
