3516 5712
750 537 807 596 105
1215 534 1312 611 ξω,
1340 534 1389 594 cc.

204 727 232 786 3.
297 725 326 785 2.
370 721 485 791 πόλεας
779 721 890 789 πόλιας
1154 719 1297 799 πόλεμον

205 825 233 883 4.
298 824 327 882 2.
373 821 501 902 θνητῶν
780 820 908 899 θνητῶν
1153 819 1241 881 λαῶν

205 924 233 982 5.
298 922 327 980 2.
372 919 474 999 ἐπέχει
780 918 888 998 ἐφέπει
1155 917 1262 998 ἐφέπει

205 1021 233 1080 6.
298 1020 327 1079 3.
372 1017 466 1079 οὐδέν
781 1015 887 1078 οὖδένι
1155 1012 1283 1092 οὐδαμά

207 1119 233 1177 7.
298 1118 327 1178 3.
371 1120 512 1177 τοιοῦτον
781 1112 908 1175 κάλλιον
1154 1110 1282 1172 κάλλιον

205 1216 233 1276 8.
299 1216 328 1275 4.
372 1213 439 1293 ἅμα
781 1211 864 1291 ὁμοῦ
1156 1211 1223 1289 ἅμα

205 1314 233 1375 9.
300 1316 328 1374 5.
373 1310 499 1390 Κύπρῳ
782 1309 853 1390 γαίῃ
1156 1307 1283 1387 Κύπρῳ

187 1412 234 1471 10.
300 1413 329 1472 5.
374 1406 512 1489 Μήδους
781 1406 911 1488 Μήδων
1156 1404 1285 1485 Μήδων

188 1509 234 1568 11.
302 1509 329 1567 7.
374 1505 463 1585 αὐτῷ
782 1505 888 1566 αὐτῶν
1155 1507 1253 1564 deest.

206 1606 365 1675 Quoniam
393 1605 532 1681 suspicio
558 1605 647 1664 adest
668 1605 783 1663 harum
805 1605 975 1664 lectionum
997 1605 1212 1664 diversitatem
1233 1604 1277 1662 ita
1298 1602 1394 1677 expli-

168 1706 301 1764 candam
333 1701 419 1780 esse',
453 1704 490 1762 ut
516 1705 639 1778 textus,
674 1702 728 1776 qui
757 1703 843 1778 apud
871 1702 1040 1760 Aristidem
1068 1703 1202 1778 legitur,
1236 1700 1395 1760 obnoxius

166 1803 266 1862 fuisse
298 1803 444 1861 videatur
472 1801 608 1860 rhetoris
636 1801 884 1876 mutationibus,
918 1803 1025 1859 textus
1054 1804 1160 1860 autem
1188 1799 1396 1874 Anthologiae

168 1900 350 1960 Collectoris
376 1899 581 1974 coniecturis,
613 1899 858 1973 antiquissimus
879 1900 986 1957 textus
1008 1884 1134 1957 videtur
1156 1901 1304 1958 servatus
1325 1915 1396 1956 esse

167 1999 251 2073 apud
280 1999 465 2074 Ephorum,
496 1997 625 2056 Aristidi
654 2000 760 2056 autern
788 1996 1010 2056 attribuendae
1036 2014 1091 2055 eae
1116 1997 1281 2071 lectiones,
1313 2011 1396 2070 quae

167 2097 264 2155 huius
286 2096 386 2155 solius
408 2098 484 2154 sunt
498 2095 662 2171 propriae,
689 2094 837 2170 Syllogae
852 2095 1075 2170 vindicandae,
1100 2112 1182 2171 quas
1197 2112 1261 2153 una
1276 2094 1394 2152 Antho-

166 2195 248 2270 logia
270 2193 407 2253 exhibet.
440 2195 478 2252 ln
501 2194 604 2268 prima
625 2195 732 2251 autem
754 2193 906 2252 varietate
927 2193 1125 2252 aestimanda
1147 2193 1292 2252 cautione
1312 2208 1395 2265 opus

167 2287 231 2369 est,
265 2311 306 2352 ne
333 2293 508 2352 Aristideae
536 2291 753 2368 neglegentiae
780 2291 980 2350 ascribamus
1005 2291 1170 2350 lectionem
1192 2288 1239 2365 ιε’,
1270 2307 1309 2347 ex
1331 2306 1395 2363 qua

167 2392 277 2450 contra
312 2391 404 2450 lectio
438 2387 473 2467 γέ
499 2391 602 2466 potest
637 2407 708 2448 esse
741 2391 925 2465 depravata.
972 2390 1016 2447 De
1050 2381 1111 2448 hac
1145 2388 1297 2447 varietate
1329 2387 1392 2445 vid.

168 2489 262 2548 inira.

206 2587 410 2647 Lectionibus
439 2585 630 2661 comparatis
658 2585 721 2644 iam
750 2586 856 2645 statim
885 2602 924 2644 ex
945 2584 1092 2643 Aristidis
1114 2584 1289 2643 mutatione
1308 2585 1397 2641 ortae

168 2685 318 2744 videntur
340 2685 400 2744 hae
421 2683 605 2750 varietates:

317 2805 344 2820 ··
429 2782 457 2841 2.
501 2781 555 2840 Ar.
579 2779 682 2858 ἔκρινε
702 2785 742 2851 <
762 2782 844 2858 Eph.
869 2781 964 2841 Anth.
989 2780 1090 2858 ἔνειμε

428 2879 457 2939 8.
500 2878 554 2938 Ar.
580 2876 664 2955 ὁμοῦ
704 2883 745 2949 <
765 2880 846 2955 Eph.
871 2880 966 2938 Anth.
991 2877 1058 2955 ἅμα

428 2976 457 3037 9.
500 2976 554 3036 Ar.
580 2975 650 3055 γαίῃ
703 2980 743 3047 <
763 2977 846 3052 Eph.
870 2977 965 3036 Anth.
990 2973 1126 3052 Κύπρῳ.

169 3076 334 3135 Collectori
355 3078 461 3134 autem
482 3074 654 3134 debentur:

349 3173 378 3232 3.
422 3174 517 3232 Antb.
542 3169 684 3250 πόλεμον
704 3176 744 3242 <
764 3173 847 3248 Eph.
871 3173 925 3231 Ar.
949 3169 1065 3238 πόλεας
1088 3170 1167 3248 (ccc
1187 3169 1258 3247 Ar.)

349 3272 377 3330 4.
421 3271 516 3330 Anth.
540 3268 628 3330 λαῶν
702 3274 742 3340 <
763 3271 845 3345 Eph.
869 3271 922 3330 Ar.
947 3268 1085 3346 θνητῶν.

169 3371 240 3429 Una
260 3370 352 3430 lectio
372 3387 445 3429 cum
467 3369 552 3444 apud
575 3368 779 3429 collectorem
806 3372 875 3428 tum
897 3369 983 3444 apud
1004 3368 1174 3427 Aristidem
1189 3366 1396 3425 mutationem

168 3471 217 3527 est
237 3486 349 3544 passa:

407 3567 435 3626 6.
479 3567 562 3642 Eph.
587 3563 681 3626 οὐδέν
701 3569 741 3635 <
761 3566 857 3624 Anth.
882 3562 1027 3642 οὐδαμά,
1051 3565 1104 3623 Ar.
1129 3559 1244 3622 οὐδένι.

170 3666 283 3724 Utrum
305 3665 338 3722 in
361 3681 429 3723 var.
454 3663 490 3723 11
513 3663 605 3723 lectio
625 3661 731 3723 αὐτῶν
752 3663 793 3722 ab
813 3662 951 3722 Aristide
978 3681 1020 3722 an
1042 3681 1060 3722 a
1082 3662 1255 3723 Oollectore
1272 3661 1396 3718 invecta

169 3763 211 3821 sit
233 3781 289 3837 pro
311 3762 451 3838 genuina
473 3759 577 3840 αὐτῷ,
602 3761 752 3821 constitui
773 3761 900 3838 nequit,
925 3761 1077 3836 quoniam
1095 3760 1193 3819 codex
1211 3758 1393 3832 PalatinuS,

169 3861 226 3935 qui
244 3861 328 3918 litem
347 3860 491 3936 dirimat,
512 3861 573 3920 boc
588 3862 655 3920 loco
669 3860 818 3919 lacunam
833 3859 938 3918 babet.
963 3859 1054 3917 Illius
1069 3861 1174 3917 autern
1189 3855 1395 3915 mutationem

168 3975 242 4016 esse
261 3976 318 4019 cur
339 3958 544 4034 crediderim,
571 3958 656 4017 infra
677 3957 833 4016 indicabo.

209 4056 356 4116 Attamen
385 4073 425 4114 nc
454 4056 499 4116 sic
527 4054 655 4131 quidem
684 4072 795 4113 omnes
817 4055 987 4113 varietates
1009 4070 1102 4112 suam
1123 4053 1241 4112 habent
1262 4051 1396 4126 explica·

168 4154 296 4214 tionem.
321 4154 439 4214 Tribus
460 4154 545 4213 enim
565 4154 643 4213 locis
664 4171 737 4213 curn
758 4153 913 4212 Aristides
934 4156 1003 4212 tum
1020 4151 1210 4227 Anthologia
1232 4151 1398 4226 Ephoreae

168 4251 291 4312 formae
311 4251 505 4312 coniunctim
526 4251 662 4327 oppositi
685 4253 775 4310 sunt:

361 4351 389 4410 5.
435 4351 517 4426 Eph.
542 4348 644 4428 ἐπέχει
704 4353 744 4419 <
765 4349 818 4407 Ar.
842 4348 937 4407 Anth.
962 4346 1071 4426 ε’φέιιει

362 4449 389 4507 7.
434 4449 516 4524 Eph.
541 4451 682 4508 τοιοῦτον
703 4450 743 4517 <
764 4447 816 4505 Ar.
841 4447 936 4505 Anth.
960 4443 1088 4506 κάλλιον

343 4546 389 4605 10.
435 4547 516 4621 Eph.
541 4543 679 4625 Μήδους
704 4549 744 4616 <
763 4546 817 4604 Ar.
840 4545 936 4605 Anth.
961 4542 1101 4623 Μήδων.

170 4642 265 4702 Unde
295 4645 440 4720 sequitur
471 4644 607 4703 formam
637 4644 894 4719 epigrammatiS,
929 4661 1026 4718 quam
1055 4660 1115 4702 suo
1143 4647 1278 4718 uterque
1306 4644 1399 4702 modo

169 4743 449 4800 commutaverunt
477 4741 630 4801 collector
651 4743 681 4800 et
702 4741 874 4816 Aristides,
905 4758 970 4800 non
991 4741 1092 4799 fuisse
1114 4742 1310 4816 Ephoream,
1343 4741 1398 4800 sed

170 4839 395 4916 recentiorem,
420 4856 503 4914 quae
523 4857 581 4915 pro
601 4839 789 4899 lectionibus
812 4840 983 4914 Ephoreis:
