3572 5716
328 501 404 580 Gap.
429 502 482 564 IV.
911 501 970 563 240

327 692 367 750 ad
396 693 547 766 quattuor
575 691 737 766 tripodum
765 690 993 751 dedicationem
1017 692 1072 750 sed
1094 692 1134 750 ad
1155 692 1253 750 unius
1275 692 1433 767 pertinere
1454 693 1555 752 voluit

329 787 407 864 (vid.
430 788 546 865 infra),
578 805 617 846 ex
645 806 693 864 ep.
720 789 776 848 145
805 790 941 848 correxit
964 785 1050 866 (τοὺς
1070 786 1220 866 τρίποδας
1240 787 1374 867 θέμεναι
1395 791 1420 848 Α
1441 823 1480 833 -
1501 788 1555 849 τὸν

327 883 447 963 τρίποδ’
472 883 643 963 ἀνθέμενοι
666 886 706 962 S,
730 886 769 945 cf.
794 904 843 962 ep.
869 886 959 962 145,2
981 886 1091 945 eadem
1113 886 1352 962 epigrammatis
1374 888 1448 948 sede
1466 885 1552 948 τάνδ’

327 981 500 1061 ἀνθέμενοι
530 981 662 1059 πίνακα,
698 1002 728 1043 n.
755 984 817 1061 15).
853 981 1001 1050 Πολλοὺς
1033 982 1094 1060 (ep.
1119 985 1151 1042 in
1184 985 1296 1062 Paus)
1329 986 1362 1043 in
1393 983 1555 1052 πλείστους

327 1099 518 1141 conversum
542 1081 587 1155 (n.
602 1080 653 1159 21)
677 1100 715 1141 ex
736 1099 785 1158 ep.
802 1081 859 1142 108
880 1083 1013 1158 petitum
1035 1082 1161 1141 videtur
1179 1080 1382 1150 πλείστοις
1395 1080 1556 1142 Ἑλλάνων

327 1177 413 1238 ἀντία
438 1177 652 1258 μαρνάμενοι,
684 1179 739 1238 ubi
761 1181 866 1239 tamen
888 1178 1022 1240 πλεῖστοι
1043 1198 1106 1239 non
1134 1179 1283 1256 ‘plurimi'
1308 1181 1362 1240 sed
1388 1179 1552 1256 ‘plerique'

327 1282 403 1339 sunt
426 1277 479 1356 (ci.
506 1275 525 1354 ἓ
549 1277 632 1354 129).
663 1279 723 1353 Ep.
747 1278 786 1337 98
808 1278 988 1337 emendanti
1009 1278 1037 1338 ei
1059 1279 1226 1337 exordium
1248 1296 1296 1353 ep.
1324 1277 1380 1338 102
1401 1279 1553 1338 obversa-

327 1379 395 1435 tum
417 1393 488 1435 esse
509 1375 608 1434 videri
629 1375 693 1434 iam
715 1393 813 1450 supra
836 1376 955 1434 monui.
981 1376 1050 1434 Etsi
1068 1376 1128 1436 alia
1146 1394 1217 1451 epp.
1232 1377 1421 1436 locutionem
1438 1377 1554 1436 contir-

328 1473 473 1548 mebant,
505 1473 640 1532 mutavit
667 1489 716 1547 ep.
737 1473 776 1532 96
798 1471 967 1550 ῥυσάμεθα
988 1473 1021 1531 iu
1044 1471 1245 1551 ἱδρυσάμεθα
1269 1473 1313 1550 (n.
1335 1473 1385 1550 3),
1417 1475 1555 1533 fortasse

326 1589 365 1630 ex
386 1588 435 1646 ep.
458 1569 597 1648 140,3(4)
621 1567 805 1647 ἱδρύσαντο,
830 1588 895 1629 αοα
914 1574 1056 1646 respecto
1075 1571 1108 1630 in
1127 1572 1259 1648 gemello
1277 1571 1553 1648 epigrammateiil

327 1669 468 1728 eiusdem
497 1669 586 1728 verbi
614 1668 779 1744 participio
807 1666 979 1746 ῥυσάμενοι
1009 1667 1062 1745 (ε1.
1094 1667 1113 1746 5
1144 1667 1264 1745 137,1);
1295 1672 1390 1745 atque
1417 1687 1465 1744 ep.
1496 1669 1553 1729 137

327 1763 489 1843 ἐβούλετο,
517 1783 731 1841 quamquam,
761 1767 934 1840 quominus
955 1764 1089 1844 ἐμήδετο
1112 1767 1263 1827 scriberet
1286 1766 1331 1845 (n.
1351 1767 1400 1844 8),
1425 1775 1555 1826 monere

327 1883 399 1924 eum
421 1865 575 1924 debuerat
595 1881 643 1939 ep.
667 1863 767 1939 102,3.

366 1962 648 2021 vehementissime
668 1964 836 2037 grassatus
854 1965 902 2020 est
920 1963 952 2020 in
971 1962 1010 2020 iis
1028 1963 1284 2038 epigrammatica,
1309 1980 1446 2037 quorum
1464 1963 1554 2021 indo·

326 2061 387 2118 lem
405 2059 663 2119 commutandam
682 2059 814 2117 censuit.
841 2059 1002 2134 Imprimis
1020 2060 1053 2118 in
1073 2060 1256 2119 Dinomenis
1275 2061 1415 2124 filiorum
1429 2061 1554 2119 donarii

326 2177 374 2234 ep.
401 2156 519 2234 14110).
545 2158 625 2217 Cum
648 2158 827 2232 Ephoream
849 2159 1051 2217 traditionem
1071 2156 1177 2235 (nobis
1192 2158 1225 2216 in
1243 2159 1347 2218 Schol.
1367 2157 1550 2234 Pindarico,

328 2256 348 2333 ξ
379 2256 432 2331 76,
464 2253 637 2331 servatam)
667 2256 857 2315 reiciendam
886 2258 1028 2331 putaret,
1061 2257 1238 2315 seeundum
1268 2274 1365 2331 quam
1388 2256 1553 2332 Carthagi·

326 2356 492 2415 aiensibus
520 2355 560 2414 ad
587 2355 751 2413 Himeram
779 2355 911 2414 devictis
937 2357 1089 2429 quattuor
1117 2356 1257 2430 tripodes
1286 2356 1470 2415 Dinomenis
1496 2355 1553 2413 filii

328 2455 465 2529 Delphos
493 2453 671 2527 misissent,
702 2452 917 2528 accipiendam
945 2453 1092 2528 alteram,
1124 2471 1206 2528 quae
1234 2454 1326 2513 nobis
1358 2456 1484 2529 praesto
1505 2455 1553 2511 est

326 2569 365 2610 ex
386 2552 513 2610 Timaeo
536 2549 640 2627 (Diod.
662 2551 716 2609 XI,
737 2549 789 2626 26)
812 2553 843 2610 et
864 2551 986 2610 Phania
1010 2549 1136 2628 (Athen,
1154 2553 1207 2610 VI.
1229 2552 1286 2611 231
1309 2550 1351 2627 e),
1376 2551 1553 2610 secundum

326 2665 424 2724 quam
456 2648 532 2707 Gelo
563 2648 652 2706 solus
680 2664 782 2706 unum
812 2648 968 2723 tripodem
996 2648 1223 2723 dedicavisset,
1257 2649 1367 2724 finxit,
1401 2648 1553 2723 quoniam

219 2744 228 2758 ⁹
328 2763 442 2805 versus
464 2746 588 2820 primus
609 2745 641 2803 in
664 2763 728 2820 quo
749 2763 860 2806 omnes
882 2746 1057 2805 laudantur
1079 2747 1264 2805 Dinomenis
1277 2746 1334 2804 lilii
1349 2763 1442 2822 aegre
1455 2745 1553 2805 elimi-

327 2844 398 2903 nari
413 2845 550 2918 poterat,
568 2859 678 2902 ιιιιιιιιι
693 2844 848 2918 tripodem
863 2844 904 2902 ab
921 2841 1082 2904 omnibus
1097 2844 1251 2903 iratribus
1266 2843 1445 2904 dedicatum
1458 2842 1503 2921 (n.
1516 2844 1552 2902 15

326 2938 380 3000 τὸν
401 2938 521 3018 τρίποδ’
542 2938 713 3017 ἀνθέμενοι
737 2940 758 3000 S
781 2959 820 3000 ex
841 2938 913 3008 τοὺς
934 2938 1083 3018 τρίποδος
1104 2939 1236 3018 θέμεναι
1257 2940 1306 3018 Α).
1345 2943 1426 3001 Cum
1447 2944 1552 3001 autem

326 3039 635 3099 alterumdistichon
651 3040 819 3114 praecipue
833 3039 1083 3114 demonstraret,
1105 3040 1153 3115 id,
1175 3041 1261 3114 quod
1276 3041 1427 3115 Ephorus
1443 3056 1553 3099 narra·

327 3141 431 3213 verat,
463 3137 613 3196 Gelonem
636 3138 955 3221 Carthaginiensibus
978 3137 1156 3214 profligatis
1177 3136 1222 3216 μὴ
1244 3135 1346 3215 μόνον
1367 3135 1439 3204 τοὺς
1459 3135 1551 3197 Σικε-

326 3233 439 3301 λιώτας
467 3232 679 3312 ἐλευθερῶσαι
701 3232 778 3295 ἀλλὰ
799 3233 852 3294 καὶ
873 3233 928 3314 τὴν
946 3232 1080 3295 Ἑλλάδα
1102 3234 1287 3313 σύμπασαν,
1318 3237 1453 3296 alterum
1474 3235 1551 3293 illud

326 3333 483 3392 distichon
502 3332 702 3391 abiciendum
722 3351 905 3408 novumque
923 3334 1145 3409 attingendum
1164 3335 1270 3410 duxit,
1291 3335 1325 3392 in
1342 3351 1406 3408 quo
1422 3333 1551 3392 alterius

326 3431 505 3491 traditionis
534 3430 614 3490 ratio
641 3420 765 3489 donarii
792 3434 1019 3506 exponeretur:
1049 3432 1082 3490 in
1111 3450 1147 3490 ea
1176 3449 1281 3491 sermo
1305 3431 1406 3490 fuisse
1427 3431 1552 3489 videtur

326 3530 365 3588 de
402 3547 518 3588 corona
550 3546 647 3588 aurea
680 3529 867 3589 Damaratae
898 3530 1027 3589 Gelonis
1059 3530 1152 3588 uxori
1183 3548 1201 3589 a
1234 3529 1551 3605 Carthaginiensibus

326 3627 431 3686 oblata
463 3628 565 3701 deque
596 3644 727 3686 nummo
761 3627 947 3685 Damareteo
981 3624 1033 3702 (ci.
1066 3626 1145 3686 Tim.
1177 3644 1227 3701 ap.
1260 3627 1349 3686 Diod.
1380 3624 1452 3701 l.l.).
1487 3626 1551 3683 Viri

326 3725 425 3800 docti,
450 3742 523 3784 cum
541 3741 604 3784 non
620 3727 831 3801 agnoscerent
845 3724 1084 3799 epigrammatis
1098 3725 1316 3800 traditionem,
1342 3742 1424 3798 quae
1436 3724 1552 3799 legitur

325 3821 358 3880 in
377 3822 451 3896 AR,
476 3822 646 3881 formatam
664 3840 735 3881 esse
751 3839 790 3881 ex
808 3839 859 3896 ea,
881 3838 963 3896 quae
980 3824 1063 3881 extet
1081 3823 1112 3880 in
1135 3821 1239 3881 Schol.
1257 3822 1362 3896 Pind,
1382 3824 1552 3896 utramque

326 3921 358 3978 in
387 3938 487 3978 unum
517 3939 645 3979 carmen
674 3921 770 3978 trium
800 3919 1008 3979 distichorum
1037 3921 1178 3980 conflare
1205 3920 1365 3995 solebant,
1397 3920 1449 3978 alii
1476 3937 1551 3978 vero

325 4018 423 4076 huius
451 4019 502 4076 alii
524 4019 609 4076 illius
631 4018 789 4077 distichon
811 4018 951 4092 primum
973 4021 1139 4077 servantes
1163 4017 1215 4095 (cf.
1242 4016 1261 4096 ξ
1286 4018 1377 4077 7611.
1401 4017 1465 4094 93).
1491 4019 1548 4092 Ep.

326 4116 358 4173 in
387 4116 580 4174 Pausaniam
609 4116 765 4174 medicum
794 4115 1082 4174 demonstrativum
1110 4119 1145 4175 ut
1174 4117 1336 4175 videretur
1356 4116 1551 4191 epigramma

326 4213 502 4286 sepulcrale
528 4214 704 4288 genuinum
732 4210 785 4288 (ci.
809 4211 828 4289 ἓ
852 4212 890 4272 57
911 4230 942 4287 p.
964 4212 1053 4289 125),
1085 4213 1239 4273 Collector
1260 4231 1318 4288 pro
1340 4211 1450 4292 φῶτ’.
1476 4257 1483 4271 .
1509 4257 1516 4271 .
1541 4256 1548 4270 .

326 4307 446 4388 ἔθρεψε
479 4308 524 4386 (n.
557 4310 611 4385 19,
645 4308 697 4385 20)
727 4310 855 4384 scripsit
883 4307 967 4369 τόνδ’
992 4355 998 4368 .
1025 4356 1032 4368 .
1058 4355 1064 4368 .
1091 4357 1098 4370 .
1130 4309 1251 4389 ἔθαψε,
1286 4328 1350 4386 qua
1379 4311 1552 4370 mutatione

358 4557 393 4621 10)
429 4559 496 4609 Fieri
521 4575 574 4610 non
600 4563 697 4624 potest,
725 4566 755 4610 ut
782 4562 807 4611 h.
834 4564 849 4610 l.
876 4563 1005 4625 rationes,
1032 4563 1130 4626 quibus
1156 4564 1251 4613 nititur
1276 4563 1410 4613 sententia
1437 4577 1493 4612 mea
1520 4563 1551 4610 ile

325 4646 521 4695 ‹ledicationum
551 4646 709 4695 testimoniis
738 4650 765 4696 et
794 4647 864 4695 inira
893 4647 1009 4696 laudatis
1035 4653 1062 4696 et
1088 4649 1182 4698 ceteris
1208 4649 1394 4712 (Theopomp,
1421 4646 1551 4711 Bacchyl.)

325 4745 461 4793 exponam.
491 4729 525 4778 lle
549 4730 753 4792 quibus‘sermo
771 4731 822 4778 erit
840 4731 867 4779 in
885 4735 959 4794 parte
978 4732 1061 4780 altam
1079 4733 1104 4781 h.
1122 4747 1230 4795 comm,
1254 4747 1315 4782 cum
1334 4734 1415 4782 etiam
1433 4733 1551 4798 qrraestio

324 4815 522 4878 arelraeologica
538 4815 677 4864 tractanda
695 4816 753 4865 erit.
