3572 5716
780 525 838 591 aar
1309 527 1328 612 ς
1353 529 1419 594 na.

193 719 316 794 integra
356 714 398 776 sit
435 714 531 776 series
563 713 697 795 θρῆνοι,
740 716 902 795 ἐγκώμια,
945 715 1248 796 ἐπιγράμματα,
1285 723 1422 787 παιᾶνες.

194 817 334 875 Iudicem
363 833 420 890 per
448 815 637 890 Dionysium
665 815 984 874 Halicarnassensem
1014 818 1169 876 minorem
1197 821 1293 893 atque
1321 819 1422 894 Hesy-

193 913 297 972 chiani
326 913 548 988 Onomatclogi
577 913 744 988 Epitomen
774 931 847 972 oum
876 913 909 972 in
941 913 1072 973 Suidam
1102 916 1170 973 tum
1192 916 1224 973 in
1247 916 1422 975 Eudociam

192 1029 230 1069 ex
260 1010 504 1070 Callimachi
532 1010 665 1082 Tabulis
691 1011 877 1086 pervenisse
898 1012 1004 1070 docuit
1028 1013 1119 1071 Daub
1142 1011 1195 1089 (de
1218 1013 1336 1073 Suidae
1356 1014 1422 1073 bio·

193 1109 420 1184 graphicorum
447 1109 571 1183 origine
598 1110 627 1166 et
656 1109 739 1184 fide,
772 1110 875 1168 Fleok.
897 1110 1011 1169 Jahrb.
1035 1111 1089 1168 XI.
1113 1110 1225 1185 Suppl.
1248 1112 1306 1170 Bd.
1330 1112 1419 1189 1880)

192 1225 221 1282 p.
255 1207 325 1265 427.
367 1202 675 1283 Ἐπιγράμματα
712 1205 925 1266 Callimachus
957 1207 990 1265 in
1025 1207 1197 1266 Simonidis
1230 1210 1421 1285 scriptorum

193 1305 409 1363 recensionem
431 1304 588 1377 recepisse
610 1303 745 1378 videtur,
771 1321 834 1362 non
857 1321 943 1363 mera
966 1305 1057 1362 nisus
1079 1305 1164 1364 fama
1186 1306 1225 1364 de
1246 1309 1337 1381 poeta
1359 1308 1421 1383 epi-

193 1401 416 1477 grammaticc‚
441 1401 497 1460 sed
511 1400 691 1476 exemplari
710 1418 790 1458 usus
812 1400 956 1478 Sylloges
978 1401 1234 1462 Simonideorum
1251 1402 1421 1481 epigram-

193 1501 344 1574 matum,
369 1499 454 1573 quod
477 1499 602 1557 adesset
623 1499 656 1556 in
678 1498 873 1558 Bibliotheca
895 1499 1109 1559 Alexandrina
1134 1499 1186 1578 (ci.
1212 1499 1231 1578 ἓ
1254 1500 1318 1577 38).

231 1598 258 1656 4.
305 1599 460 1656 Tzetzes
481 1597 514 1654 in
537 1597 660 1672 Proleg.
686 1598 726 1656 ad
749 1597 905 1672 Lycophr.
931 1615 1002 1656 cum
1026 1599 1103 1656 alios
1126 1602 1290 1658 enumerat
1311 1603 1421 1675 poetas

192 1698 258 1755 tum
290 1698 400 1770 poetas
432 1694 709 1770 epigrammaticcs
740 1693 793 1771 (ci.
824 1693 843 1771 ,ξ
875 1695 910 1754 72
941 1713 972 1753 n.
1004 1694 1070 1771 73),
1105 1696 1187 1755 inter
1215 1715 1296 1772 quos
1325 1699 1422 1757 refert

195 1793 403 1852 Simonidem:
437 1790 883 1870 έπιχραμματογράφοι
916 1790 950 1852 δὲ
981 1792 1106 1872 ποιηταὶ
1136 1791 1374 1873 Σιμωνίδης
1402 1794 1420 1855 ὁ

192 1887 322 1956 παλαιὸς
353 1888 430 1964 κτλ.;
463 1908 527 1964 quo
559 1893 688 1950 auctore
720 1890 857 1965 nitatur,
892 1891 1019 1949 Tzetzes
1051 1891 1120 1966 ipse
1150 1891 1268 1951 indicat
1298 1893 1420 1951 addens

192 1984 229 2047 οὗ
247 1984 468 2065 Ἡρόδοτος
491 1987 574 2064 (Vll.
597 1985 669 2062 228)
693 1986 858 2066 μέμνηται.

230 2087 257 2146 5.
303 2086 510 2145 Aristides
539 2086 571 2144 in
601 2103 647 2144 cr.
675 2086 708 2144 in
737 2086 900 2144 Platonem
929 2087 969 2145 de
998 2087 1041 2144 IV
1066 2087 1143 2146 viris
1165 2088 1223 2147 215
1246 2088 1338 2147 Dind.
1363 2087 1416 2164 (ci.

194 2181 212 2260 ἓ
243 2183 281 2244 63
314 2202 346 2242 n.
376 2181 444 2258 55):
476 2181 575 2242 καίτοι
604 2180 753 2242 τοσοῦτόν
783 2181 811 2259 γ’
835 2182 875 2242 ἂν
903 2183 1021 2261 είττοιμι
1048 2182 1273 2261 θαρρούντως·
1305 2183 1334 2245 εἰ
1359 2184 1419 2263 γὰρ

192 2277 341 2350 ἀναστάς,
373 2277 471 2357 λέγω,
503 2277 642 2340 Πλάτων
671 2277 765 2347 αὐτὸς
793 2278 921 2349 ἀξιώσει
949 2286 1135 2360 κατηγορεῖν
1163 2279 1337 2342 Μιλτιάδου
1366 2281 1420 2343 καὶ

192 2381 244 2437 τοῦ
272 2375 429 2454 βελτίονος
457 2377 544 2457 αύτῷ
572 2382 663 2438 τοῦτο
691 2375 788 2456 λόγου
817 2383 930 2454 κρινεῖ,
958 2377 1057 2439 πάνθ’
1077 2378 1201 2457 ἕτοιμος
1222 2379 1323 2458 ἔγωγε
1344 2403 1418 2459 συγ·

191 2479 305 2552 χωρεῖν
327 2473 380 2535 καὶ
400 2473 445 2554 μὴ
467 2473 586 2535 πολλοῦ
609 2497 690 2542 τινος
711 2474 800 2546 ἄξιον
821 2473 874 2535 τδν
896 2475 997 2555 ἄνδρα
1020 2476 1139 2537 ἐκεῖνον
1161 2477 1312 2557 ἡγεῖσθαι.
1342 2478 1418 2539 ἀλλά

192 2571 249 2632 οὐκ
270 2571 309 2632 άν
330 2594 386 2649 μοι
408 2572 498 2634 δοκεῖ
515 2571 650 2652 ῥᾳδίως,
673 2572 709 2641 ὅς
727 2596 761 2652 γε
779 2572 832 2634 καὶ
849 2573 1002 2654 μνησθεὶς
1019 2574 1090 2654 περὶ
1108 2575 1221 2647 αὐτοῦ,
1244 2575 1419 2658 Μιλτιάδην

193 2669 239 2739 δὲ,
268 2670 347 2750 φησὶ
377 2671 486 2748 (Gorg.
512 2673 570 2732 516
595 2671 646 2748 (1),
679 2669 732 2731 τὸν
753 2671 786 2731 έν
807 2669 1002 2749 Μαραθῶνι.
1034 2672 1133 2734 καίτοι
1155 2672 1245 2734 τοῦτό
1267 2673 1346 2736 ἔστιν
1368 2675 1417 2756 ἔχ-

192 2768 311 2847 γυτέρω
337 2767 462 2848 θρήνου
488 2767 570 2836 τινὸς
596 2769 615 2848 ἢ
642 2759 800 2848 μέμψεως
825 2767 879 2829 καὶ
904 2774 1103 2848 τιμῶντος
1128 2771 1281 2848 μᾶλλον
1307 2774 1326 2852 ἢ
1353 2796 1417 2834 κα-

191 2865 393 2937 κίζοντος,
425 2865 560 2944 ὥσπερ
592 2866 661 2933 οὓς
688 2865 927 2946 Σιμωνίδης
955 2867 1095 2929 εἰώθει
1123 2873 1241 2947 τιμᾶν
1269 2870 1308 2931 ἒν
1336 2877 1419 2939 τοῖς

191 3065 262 3113 dium
286 3064 324 3114 sic
344 3068 408 3127 puto
427 3064 624 3129 resmgendum:
648 3061 694 3114 καὶ
712 3062 852 3130 γέγραπται
871 3103 876 3114 .
897 3104 902 3115 .
923 3103 928 3114 .
949 3103 954 3115 .
973 3063 989 3131 ἦ
1009 3064 1157 3133 Καμβύσου
1176 3066 1222 3118 καὶ
1241 3067 1353 3132 Δαρείου
1372 3067 1418 3118 καὶ

193 3144 318 3211 Ξέρξου
336 3146 507 3214 βασιλεία,
525 3166 574 3199 vox
592 3148 725 3214 ναυμαχία
744 3152 833 3201 addita
852 3153 962 3216 videtur,
981 3158 1121 3216 postquam
1137 3169 1186 3203 vox
1199 3151 1318 3218 βασιλεία
1334 3156 1418 3218 primo

191 3235 284 3283 omissa
307 3239 389 3298 atque
412 3235 470 3283 ideo
490 3235 574 3284 verbis
592 3231 639 3284 καί
658 3233 688 3283 Ξ.
707 3237 884 3300 superscripta
902 3242 963 3286 ante
981 3239 1028 3286 illa
1045 3239 1145 3289 inserta
1162 3243 1203 3287 est
1220 3237 1266 3299 (sc.
1285 3235 1301 3302 ἡ
1319 3235 1352 3286 K.
1371 3235 1417 3300 καὶ

220 3369 223 3372 ,
327 3314 446 3382 βασιλεία

191 3398 301 3464 Δαρείου
325 3397 372 3451 καί
396 3398 517 3466 Ξέρξου).
545 3404 619 3452 llaud
643 3405 695 3452 scio
720 3420 753 3454 an
779 3405 821 3454 hic
842 3408 915 3455 locus
939 3407 1095 3470 respiciatur
1115 3408 1142 3456 in
1162 3408 1214 3455 vita
1233 3408 1369 3456 Pindarica
1386 3423 1416 3456 ex

191 3485 299 3535 Scholiis
317 3487 497 3536 Ambrosianis
514 3493 636 3552 excerpta
657 3490 795 3540 Westerm.
813 3487 905 3554 Βιογρ.
926 3507 948 3554 p.
966 3490 1013 3556 98,
1031 3491 1063 3540 35
1080 3491 1188 3555 (Christ.
1200 3493 1272 3541 l‘inrl
1284 3508 1305 3555 p.
1317 3491 1362 3550 Cl,
1376 3492 1416 3553 tl:

189 3566 297 3636 ε’ττέβαλε
315 3570 362 3633 (sc.
380 3572 466 3634 Plnd.)
484 3568 513 3621 δέ
531 3577 583 3627 τοῖς
601 3571 706 3637 χρόνοις
724 3572 889 3637 Σιμωνίδου,
905 3572 923 3640 ᾗ
941 3573 1069 3639 νεώτερος
1082 3573 1267 3640 πρεσβυτέρῳ’
1286 3579 1339 3624 τῶν
1353 3581 1417 3641 γοῦν

189 3651 276 3704 αὐτῶν
297 3653 442 3721 μέμνηνται
465 3654 611 3721 ἀμφότεροι
633 3655 772 3721 πράξεων,
799 3656 845 3709 καί
869 3655 918 3724 γὰρ
942 3658 1095 3724 Σιμωνίδης
1119 3657 1166 3726 τὴν
1188 3657 1221 3709 έν
1244 3658 1415 3724 Σαλαμῖνι

189 3739 379 3806 ναυμαχίαν
401 3738 530 3806 γέγραφε,
554 3739 600 3791 καὶ
623 3741 758 3808 Πίνδαρος
781 3740 911 3808 μέμνηται
934 3749 980 3809 τῆς
1000 3742 1129 3810 Ξέρξου
1148 3745 1196 3809 (sic
1215 3747 1415 3812 Westermann‚
1439 3798 1442 3803 ,

189 3827 241 3875 cod.
265 3822 390 3888 Κάδμου)
412 3824 601 3891 βασιλείας.
629 3828 687 3877 Non
712 3829 839 3892 diiudico‚
863 3835 955 3880 utrum
981 3846 1071 3880 revera
1094 3846 1199 3880 carmen
1224 3833 1255 3880 de
1278 3830 1417 3896 Cambysis

191 3910 257 3960 Darii
285 3911 408 3969 (Xerxis)
433 3927 513 3976 regno
537 3913 618 3962 fuisse
641 3928 702 3962 cum
726 3913 926 3965 Schneidewino
950 3915 993 3977 (fr.
1016 3915 1044 3978 l)
1067 3917 1283 3965 constituendum
1306 3917 1354 3980 sit,
1382 3933 1415 3966 an

188 3997 268 4044 latere
293 3997 414 4046 notitiam
438 3998 470 4046 de
494 3997 637 4047 Simonidis
660 4004 747 4048 aetate
772 3998 817 4060 (sc.
842 4015 904 4049 eum
926 4001 1020 4050 vixisse
1037 4003 1211 4065 regnantibus
1228 4001 1281 4050 illis
1299 4002 1416 4064 regibus>

188 4094 247 4128 cum
272 4081 444 4146 Bernhardyo
468 4087 549 4147 atque
574 4083 692 4146 Berghio.
717 4110 749 4118 -
775 4085 886 4134 Prorsus
909 4087 1040 4135 reicienda
1062 4091 1103 4135 est
1127 4087 1274 4150 Berghiana
1296 4088 1416 4136 traiectio

188 4159 232 4212 καὶ
257 4161 275 4230 ἦ
301 4160 342 4212 ἐπ’
370 4161 434 4229 Ἀρτ.
460 4184 538 4230 ναυμ.
565 4164 732 4229 μελικῶς,
758 4164 774 4231 ἦ
800 4165 826 4216 δ’
849 4165 877 4217 έν
901 4167 966 4218 Σαλ.
991 4166 1035 4218 δι’
1057 4166 1224 4235 ἐλεγείας,
1251 4186 1414 4235 quamquam

189 4251 286 4311 placuit
309 4249 427 4299 Kaibelio
450 4249 485 4312 (p.
510 4250 584 4315 452),
611 4252 711 4301 Daubio
736 4250 808 4315 (ll),
835 4254 1038 4304 Wachsmuthio
1062 4253 1120 4319 (qui
1143 4255 1222 4304 simul
1246 4256 1414 4304 scribendum

189 4338 264 4396 putat
281 4329 384 4397 Ξέρξου
402 4333 570 4399 ναυμαχίαι,
596 4332 664 4398 [καὶ]
684 4332 700 4400 ἡ
719 4333 790 4400 κτλ,
815 4352 854 4400 ap.
874 4337 1027 4399 Dauhium).
1060 4339 1141 4388 Nullo
1158 4355 1188 4388 ea
1207 4341 1301 4389 nititur
1318 4341 1415 4390 funda-

189 4421 289 4482 mento,
315 4418 374 4467 nisi.
389 4419 458 4481 quod
485 4420 569 4482 Bergk
587 4421 636 4469 sibi
654 4426 819 4484 persuaserat
836 4421 982 4471 artemisii
1000 4438 1116 4486 pugnarn
1135 4428 1251 4486 spectare
1268 4424 1332 4474 Sim.
1351 4427 1381 4474 lr.
1400 4424 1415 4473 l

187 4504 330 4566 arcticum,
356 4504 426 4567 quod
452 4503 544 4567 incipit
568 4507 621 4552 τῶν
646 4501 674 4553 ἓν
701 4502 943 4569 Θερμοπύλαις
970 4503 1108 4556 θανόντων
1134 4504 1189 4556 κτλ.
1224 4509 1414 4571 Fragmentum

188 4589 309 4637 carminis
332 4589 359 4636 in
384 4587 556 4637 Salaminiam
581 4605 697 4654 pugnam
723 4593 830 4654 melici,
855 4593 924 4656 qnod
944 4593 1011 4641 latet
1028 4593 1096 4642 Plut.
1115 4593 1205 4642 Them.
1224 4594 1256 4643 15
1275 4595 1317 4651 <et
1334 4595 1366 4643 de
1386 4596 1414 4644 ll.

190 4687 222 4722 m.
240 4673 285 4738 lt,
304 4674 336 4722 cl.
355 4671 367 4732 ‚t
385 4673 418 4722 ‘28
437 4689 459 4736 p.
478 4672 510 4721 53
528 4679 555 4723 et
574 4690 598 4723 n.
616 4675 679 4735 23>,
698 4678 809 4740 Berglrio
827 4683 886 4727 tum
905 4680 936 4727 ad
956 4679 1067 4740 elegiam
1087 4677 1130 4738 (lc.
1146 4677 1189 4739 83)
1208 4680 1305 4728 reterre
1324 4694 1415 4728 neces-

188 4759 284 4807 sarium
303 4763 368 4808 erat.
387 4785 418 4792 -
438 4760 511 4808 Unde
530 4762 688 4809 accesserint
706 4760 847 4824 τραγῳδίαι
867 4765 999 4813 incertum
1018 4769 1073 4828 est,
1091 4765 1243 4828 Bernhardy
1263 4764 1306 4813 Gr.
1317 4763 1357 4813 L.³
1367 4762 1415 4813 703

188 4843 288 4892 confert
305 4838 425 4906 δράματα
444 4838 555 4908 τραγικὰ
573 4845 600 4893 in
618 4844 717 4895 Suideo
734 4846 819 4895 indice
838 4848 1041 4902 l‘inrlariccrum
1057 4850 1220 4914 scriptorum.

1266 4930 1316 4982 la*
