3546 5724
772 533 810 594 43
1310 531 1329 611 s
1353 533 1400 592 aa

181 721 268 779 tisset
303 737 437 795 prorsus
468 720 632 778 diversum
663 738 681 780 a
714 720 918 796 Diogeniano.
963 721 1085 779 Revera
1117 721 1176 780 hoe
1208 720 1403 796 epigramma

179 835 281 877 unum
308 821 357 877 est
384 835 422 876 ex
450 817 528 893 illis,
559 835 642 892 quae
668 818 702 876 in
729 817 869 877 textibus
898 818 1025 878 duobus
1046 818 1199 893 diversiS‚
1232 817 1404 876 vetustiore

182 915 234 992 (A)
262 918 292 976 et
320 915 494 976 recentiore
522 914 594 992 (S),
625 916 717 974 nobis
745 918 873 975 servata
901 933 972 975 esse
998 916 1064 975 dixi
1093 914 1112 993 ξ
1135 916 1183 975 20.
1217 915 1288 984 Qua
1310 915 1405 974 dere

180 1013 242 1072 vid.
276 1011 295 1090 ἕ
326 1015 373 1073 75.
408 1013 519 1088 Neque
545 1030 699 1087 umquam
728 1013 824 1088 lapidi
852 1013 1047 1088 insculptum
1075 1013 1149 1086 iuit;
1183 1013 1240 1072 sed
1267 1013 1404 1071 formam

179 1111 384 1170 vetustiorem
405 1128 540 1186 eamque
560 1110 802 1169 demonstrativi
820 1113 946 1186 generis
965 1111 1091 1170 exhibet
1109 1111 1265 1187 Diogenes
1284 1111 1400 1186 Laert,

179 1209 383 1268 recentiorem
408 1226 447 1268 ex
468 1209 648 1283 antiquiore
668 1209 837 1268 formatam
859 1208 1054 1284 genuinlque
1074 1207 1313 1284 epigrammatis
1335 1225 1404 1284 spe·

178 1307 256 1367 ciem
283 1308 459 1366 imitantem
488 1307 677 1383 Anthologia
705 1307 849 1366 Palatina
873 1323 912 1365 ex
936 1306 1064 1384 Sylloge
1087 1305 1269 1366 Simonidea
1289 1323 1404 1382 propa·

178 1407 285 1481 getam
308 1403 362 1481 (ct.
388 1403 408 1483 ξ
433 1403 504 1479 139)
526 1403 565 1481 9).

218 1504 287 1562 Ηοο
308 1503 403 1562 debili
424 1503 634 1563 fundamento
655 1504 747 1562 nisus
769 1503 802 1561 in
823 1521 889 1562 uno
910 1504 1138 1579 epigrammate
1159 1520 1194 1562 se
1213 1503 1405 1562 observasse

178 1601 302 1676 putavit
331 1602 517 1678 vestigium,
548 1619 614 1676 quo
641 1601 830 1677 terminum,
861 1603 1050 1675 antequem
1073 1601 1226 1661 Collector
1247 1601 1403 1676 epigram·
1493 1667 1499 1677 ‚

178 1701 262 1758 mata
290 1717 330 1758 ex
356 1699 516 1774 lapidibus
537 1699 570 1757 in
592 1699 710 1758 librum
730 1698 965 1773 transtulisset,
996 1699 1128 1774 adipisci
1150 1699 1210 1758 sibi
1232 1699 1322 1757 visus
1343 1700 1400 1757 est.

179 1797 426 1874 Epigrammatis
444 1797 483 1857 92
498 1814 613 1856 versus
628 1797 706 1856 alter
721 1796 808 1872 apud
823 1797 1007 1874 Lycurgum
1024 1795 1213 1856 Strabonem
1230 1796 1404 1856 Diodorum

180 1893 261 1971 (coll.
296 1896 449 1955 Phaenno
479 1895 542 1954 ΑΡ.
575 1896 646 1954 VII.
681 1892 753 1971 437)
786 1895 881 1954 habet
912 1892 1097 1973 πειθόμενοι
1127 1892 1292 1974 νομίμοις,
1331 1912 1404 1954 eum

178 1994 351 2068 praebeant
379 1994 562 2053 Herodotus
590 1995 687 2068 atque
713 1993 808 2051 Anth.
840 1994 906 2052 Pal.
932 1994 1002 2052 VII.
1027 1993 1085 2053 249
1108 1994 1290 2068 lectionem,
1321 2010 1404 2067 quae

178 2091 303 2150 videtur
338 2092 491 2167 genuina:
527 2089 646 2170 ῥήμασι
679 2088 873 2167 πειθόμενοι.
918 2091 988 2160 Qua
1023 2108 1062 2149 ex
1096 2091 1307 2166 discrepantia
1339 2108 1399 2149 v.c.

179 2188 332 2248 conclusit
364 2190 456 2250 haec:
491 2189 550 2250 ‘Es
581 2188 627 2250 tet
657 2188 827 2266 denhbur,
866 2190 942 2248 dass
972 2189 1056 2249 beim
1087 2172 1260 2265 libergang
1290 2188 1322 2246 in
1354 2187 1404 2246 die

179 2287 454 2364 Buchsammlung
494 2289 551 2348 der
588 2289 723 2347 unklare
759 2288 930 2346 Ausdruclr
967 2287 1068 2347 durch
1107 2287 1199 2346 einen
1237 2285 1403 2361 allgemein

178 2386 434 2445 verstiindlichen
465 2388 580 2446 ersetzt
607 2386 717 2446 wurde
749 2385 830 2445 und
862 2387 987 2444 sehon
1019 2385 1184 2461 Lykurg
1215 2401 1287 2444 aus
1319 2383 1402 2442 dem

179 2484 288 2543 Buoh
325 2484 477 2544 citiert’
500 2483 552 2561 1⁰).
595 2485 635 2543 At
669 2485 859 2560 Anthologia
895 2485 1059 2560 Palatina,
1101 2501 1199 2558 quam
1235 2501 1296 2542 νο.
1336 2482 1405 2558 ipse

181 2579 326 2658 Sylloges
350 2581 551 2642 Simonideae
572 2582 688 2642 rudera
710 2582 871 2641 continere
891 2583 961 2641 iure
983 2580 1036 2658 (ef.
1063 2579 1082 2658 ἕ
1105 2580 1157 2658 38)
1180 2581 1314 2656 iudicat,
1340 2596 1403 2638 non

180 2694 248 2737 eam
270 2679 452 2756 lectionem,
476 2698 574 2755 quam
595 2698 654 2755 pro
675 2681 814 2757 genuina
833 2681 1015 2755 reposuisse
1033 2680 1237 2741 Collectorem
1253 2678 1401 2752 credidit,

178 2777 321 2853 exhibet,
356 2778 412 2837 sed
440 2779 662 2838 Herodoteam.
699 2779 865 2837 Praeterea
894 2795 958 2836 non
987 2778 1251 2846 animadvertisse
1279 2777 1405 2835 videtur

178 2893 237 2936 v.c.
257 2893 355 2935 versu
373 2877 479 2951 priore
494 2877 715 2952 Anthologiam
732 2894 796 2935 non
812 2893 884 2935 cnm
902 2876 1064 2935 Herodoto
1082 2872 1266 2952 (ἀγγέλλειν)
1283 2875 1401 2949 iacere,

178 2973 232 3032 sed
260 2991 334 3033 cum
356 2974 504 3050 Lycurgo
525 2975 701 3049 ceterisque
724 2971 910 3051 (ἄγγειλον);
938 2977 1006 3032 tum
1028 2990 1143 3049 parum
1164 2975 1212 3032 est
1235 2973 1404 3031 verisimile

178 3073 362 3149 Lycurgum
393 3089 490 3132 usum
521 3090 592 3132 esse
621 3071 750 3149 Sylloge
780 3071 978 3152 Simonidea,
1014 3089 1077 3131 non
1105 3072 1189 3130 enim
1218 3071 1313 3131 adicit
1341 3071 1403 3146 epi-

177 3171 346 3246 grammati
376 3170 549 3230 Simonidis
575 3188 701 3229 nomen.
738 3171 907 3230 Terminus
928 3170 1066 3244 deniqne
1086 3169 1247 3244 antiquior
1268 3186 1305 3228 ea
1327 3186 1404 3227 sane

177 3268 227 3327 via
262 3268 412 3327 constitui
446 3271 583 3344 poterat;
620 3286 694 3328 nam
729 3268 878 3327 lectiones
914 3268 1098 3343 Lycurgeae
1131 3285 1204 3327 cum
1240 3267 1404 3325 Diodoreis

177 3367 396 3442 consentiunt,
427 3385 510 3442 quae
537 3367 579 3426 ad
607 3365 789 3443 Ephorum
817 3369 988 3426 recurrunt
1019 3363 1053 3443 (ξ
1076 3363 1140 3441 48).
1175 3367 1220 3424 De
1247 3366 1404 3441 epigram·

177 3465 269 3523 matis
292 3464 330 3524 92
352 3467 442 3524 textu
463 3466 502 3525 cf.
529 3463 573 3542 ἐς
595 3466 634 3524 44
656 3482 726 3539 sqq.
752 3463 802 3541 11).

166 3624 170 3635 ,
215 3565 298 3623 Tum
325 3565 462 3623 termino
489 3582 507 3623 a
536 3582 571 3623 se
591 3565 722 3623 invento
744 3562 920 3640 (Lycurgo)
943 3563 1156 3639 antiquiorem
1177 3565 1310 3621 aetatem
1334 3561 1404 3637 Syl·

176 3663 262 3739 loges
294 3662 459 3722 constituit
490 3663 577 3721 hunc
606 3663 639 3720 in
672 3663 812 3720 modum.
847 3662 1078 3724 Animadvertit
1099 3693 1136 3702 —
1158 3661 1254 3735 idque
1275 3661 1344 3719 iure
1366 3691 1404 3700 -

176 3761 257 3820 inter
295 3760 478 3820 Simonidea
517 3760 715 3820 circumferri
753 3760 983 3835 epigrammata
1020 3760 1174 3818 nonnulla
1210 3759 1249 3817 ad
1286 3757 1403 3816 bellum

177 3859 333 3931 Medicum
353 3859 543 3934 pertinentia
565 3859 827 3917 demonstrativa.
863 3858 934 3926 Qua
955 3876 994 3917 ex
1016 3875 1050 3917 re
1071 3857 1226 3916 conclusit
1245 3873 1317 3931 eoa,
1348 3855 1403 3929 qui

179 3956 328 4034 Syllogen
357 3957 653 4032 concinnavissent,
685 3956 786 4015 tuisse
815 3956 969 4015 rhetores.
1005 3956 1158 4030 Exempla
1180 3955 1274 4013 affert
1297 3954 1399 4012 haece.

177 4055 234 4131 Ep.
250 4055 307 4114 142
332 4051 648 4132 (Eurymedontium)
672 4071 849 4128 numquam
870 4054 967 4128 lapidi
989 4054 1089 4112 inisse
1109 4053 1246 4116 incisum
1264 4051 1338 4110 dicit
1349 4049 1400 4126 12).

219 4260 243 4322 9)
277 4262 387 4311 Moleste
411 4261 517 4324 negotio
542 4261 618 4310 facile
643 4259 775 4308 mehercle
799 4274 844 4308 vn.
868 4259 1031 4324 defungitur.
1055 4260 1122 4308 Nam
1147 4262 1275 4322 quattuor
1298 4263 1403 4306 teritum

178 4346 373 4409 epigrammatis
401 4345 561 4395 examinatis
586 4344 790 4408 potientioribus
816 4359 898 4407 quam
924 4345 980 4407 ipse
1005 4349 1046 4393 est
1071 4344 1187 4394 laborem
1214 4343 1404 4392 exantlandum

179 4430 296 4493 reliquit:
320 4426 372 4480 ‘ein
390 4426 548 4494 “geduldige
566 4428 665 4478 Feder”
683 4443 745 4492 mag
762 4429 843 4478 leicht
861 4429 937 4478 mehr
955 4429 1070 4478 Beweise
1088 4428 1354 4492 zusammeutragen’.

209 4512 244 4577 1⁰)
277 4515 348 4565 llaec
365 4515 443 4565 verba
461 4529 506 4564 νε.
524 4515 579 4578 ipse
596 4515 723 4564 distractu
739 4512 895 4563 excudenda
911 4513 1020 4563 curavit.

210 4596 243 4660 11)
276 4599 350 4649 Nihil
374 4600 426 4648 huc
450 4598 565 4662 iaciunt,
589 4613 659 4661 quae
683 4598 831 4647 sententiae
855 4612 919 4646 suae
942 4596 1151 4647 corroborandae
1168 4613 1248 4648 causa
1265 4599 1342 4648 allert
1360 4613 1404 4647 vc.

180 4681 209 4730 de
230 4684 320 4732 ordine
343 4684 446 4733 inverso
470 4681 513 4745 (cl.
535 4683 622 4732 Fleck.
646 4684 686 4733 Jb.
709 4681 749 4733 93.
773 4680 806 4732 30
830 4681 881 4746 sq.)
904 4683 1128 4746 epigrammatum
1153 4685 1233 4732 trium
1259 4683 1332 4746 Preg.
1356 4681 1405 4730 153

180 4763 251 4824 (suut
267 4781 298 4817 ea
316 4783 385 4832 quae
403 4769 607 4818 commemoravi
624 4766 637 4830 5
655 4766 707 4829 19).
737 4767 888 4818 Simonidea
906 4767 977 4815 enim
996 4782 1047 4816 non
1066 4772 1137 4816 sunt.

210 4847 244 4912 12)
276 4852 357 4902 Recte
366 4867 439 4915 sane,
452 4853 484 4902 cl.
494 4850 507 4914 ξ
516 4851 546 4902 91
558 4868 583 4902 ιι.
592 4851 632 4902 59.
651 4853 688 4902 De
700 4854 750 4902 hoc
759 4866 799 4914 ep.
810 4851 841 4901 de
851 4851 962 4913 eiusque
971 4850 1165 4900 imitationibus
1175 4851 1224 4900 vid.
1234 4848 1260 4911 ἐξ
1270 4848 1304 4899 60
1313 4857 1340 4901 et
1349 4850 1405 4898 199.
