3572 5716
358 479 434 560 Oap.
459 477 527 561 111,
552 480 601 544 33.
939 479 998 544 226

359 670 553 731 Simonidem
569 672 658 732 adire
671 671 802 748 debere,
824 673 1070 748 epigrammata,
1088 689 1171 747 quae
1188 669 1367 731 Simonides
1382 671 1583 749 condiderat,

357 787 420 828 non
449 788 521 829 cum
549 771 651 845 ipsius
680 772 736 829 sed
764 771 953 830 dedicatoris
980 771 1108 829 nomine
1133 770 1302 829 coniuncta
1323 772 1407 829 tradi
1429 771 1583 830 solebant.

356 868 440 936 Quid
458 869 591 944 mirum,
613 869 699 942 quod
717 873 808 943 poeta
828 869 975 943 melicus,
997 870 1088 926 ouius
1105 868 1292 927 auctoritate
1306 869 1501 928 instructum
1518 868 1586 946 cpi-

355 981 518 1042 pramma
538 967 662 1025 nullum
679 964 816 1042 posteri
834 968 1036 1042 acceperant,
1062 983 1239 1040 numquam
1254 968 1290 1024 ut
1305 967 1585 1042 epigrammaticus

356 1063 688 1124 commemorabatur?
728 1065 908 1124 Paucorum
930 1067 1056 1123 tanturn
1077 1065 1345 1140 epigrammatum
1369 1064 1584 1124 Simonideam

355 1162 573 1221 auctoritatem
602 1161 686 1221 bono
715 1163 765 1221 usi
789 1163 906 1221 iudicio
927 1165 1036 1237 postea
1058 1163 1251 1221 constituere
1272 1164 1418 1237 poterant
1441 1163 1585 1222 homines

356 1276 399 1317 sc.
424 1275 494 1334 epp.
520 1260 838 1336 Thermopylensium
868 1261 966 1319 trium
994 1259 1049 1334 91,
1079 1258 1135 1334 92,
1163 1259 1201 1318 94
1230 1257 1282 1335 (ex
1310 1258 1491 1318 Herodoteo
1517 1261 1586 1319 loco

354 1357 426 1414 VII.
449 1355 520 1432 228)
547 1361 578 1416 et
598 1358 838 1433 choregicorum
860 1358 998 1417 duorum
1022 1357 1078 1416 145
1100 1359 1130 1415 et
1153 1357 1210 1415 147
1233 1354 1285 1432 (ex
1308 1358 1456 1417 versibus
1477 1357 1582 1434 ipsis).

357 1453 420 1513 Sed
442 1455 624 1530 ceteroquin
645 1456 685 1514 de
705 1455 868 1515 Simonide
884 1455 1144 1532 epigrammatioo
1162 1455 1241 1514 nihil
1259 1456 1340 1514 scire
1357 1458 1505 1530 poterant
1524 1457 1585 1514 nisi

354 1569 408 1626 ea,
434 1570 516 1626 quae
535 1553 619 1612 lama
638 1571 676 1612 ex
694 1556 804 1627 poetae
821 1553 923 1628 ipsius
943 1555 1044 1612 aetate
1061 1552 1198 1612 oriunda
1216 1569 1271 1611 eos
1289 1554 1450 1613 docuerat.
1476 1555 1586 1628 Neque

354 1649 406 1708 illa
418 1651 558 1710 caruisse
569 1651 728 1710 videntur.
743 1651 805 1718 Qui
816 1651 901 1710 euim
910 1651 1094 1709 Aristoteles
1105 1651 1145 1709 de
1157 1649 1319 1710 Simonide
1331 1654 1460 1711 auctore
1471 1652 1584 1710 Arche-

354 1747 443 1806 dicae
456 1748 709 1824 epigrammatis,
728 1749 821 1807 Naxii
831 1749 871 1807 de
883 1748 1051 1807 Democriti
1063 1748 1215 1824 cogitare,
1233 1751 1330 1823 atque
1341 1750 1419 1808 adeo
1431 1749 1585 1809 Collector

354 1845 567 1904 collectionem
585 1846 853 1921 epigrammatum
874 1845 1029 1903 Simonidi
1046 1846 1233 1920 inscriptam
1252 1847 1445 1905 concinnare
1463 1847 1581 1921 potuit,

354 1943 416 2000 nisi
437 1943 565 2003 traditio
586 1943 742 2019 viguisset
763 1943 803 2001 de
826 1941 989 2002 Simonide
1009 1945 1101 2018 poeta
1122 1943 1503 2020 epigrammatographo?

396 2040 525 2117 Sylloge
545 2041 726 2100 Simonides
746 2040 871 2099 condita
889 2040 1074 2099 hominibus
1093 2041 1222 2100 tandem
1240 2042 1409 2102 exhibebat
1427 2043 1584 2119 epigram·

354 2141 476 2198 matum
501 2121 656 2198 Simonidi
678 2139 911 2198 vindicatorum
933 2139 1055 2197 seriem.
1077 2141 1195 2198 Verum
1216 2139 1301 2198 enim
1324 2157 1413 2216 vero,
1438 2158 1511 2200 cum
1533 2141 1583 2199 hic

354 2237 433 2296 liber
460 2237 561 2311 poetis
582 2237 849 2312 epigrammaticis
872 2271 907 2278 -
931 2238 1093 2296 Mnasaloa
1115 2240 1244 2312 excepto
1266 2271 1305 2280 -
1327 2256 1391 2296 non
1414 2239 1517 2314 magis
1538 2240 1582 2297 fa·

354 2335 487 2394 miliaris
510 2335 611 2394 luisse
632 2336 778 2394 videatur
799 2353 897 2411 quam
919 2335 996 2393 viris
1018 2334 1135 2409 doctis,
1160 2336 1340 2395 testimonia
1362 2337 1401 2394 de
1421 2336 1583 2396 Simonide

353 2433 628 2508 epigrammatica,
653 2451 735 2509 quae
756 2451 793 2492 eo
813 2433 1007 2508 innitantur,
1032 2450 1191 2508 perpauca
1213 2434 1351 2493 inveniri
1372 2451 1502 2493 necesse
1522 2437 1579 2493 est.

394 2531 444 2588 Ex
466 2531 624 2607 quinque,
648 2549 731 2606 quae
752 2532 924 2607 habemus,
949 2531 1137 2590 testimoniis
1159 2533 1220 2590 tria
1244 2530 1349 2607 (1-3)
1376 2531 1505 2608 Sylloge
1526 2533 1582 2591 niti

354 2631 448 2702 puto,
480 2629 544 2687 duo
575 2627 679 2706 (4-5)
710 2631 936 2705 scriptoribuS,
968 2630 1054 2704 apud
1082 2647 1164 2703 quos
1190 2630 1254 2688 iam
1282 2633 1356 2689 ante
1377 2630 1582 2689 Collectorem

355 2725 528 2784 Simonidis
550 2743 666 2785 nomen
688 2745 761 2786 curn
782 2728 1011 2804 epigrammate
1032 2729 1171 2802 quodam
1193 2728 1458 2804 coniungebatur.
1484 2729 1581 2787 Testi-

352 2823 496 2882 monium
527 2825 676 2898 quintum
709 2823 948 2902 (Aristideum),
983 2829 1141 2899 quantum
1173 2826 1285 2900 video,
1320 2844 1339 2884 a
1372 2821 1450 2884 viris
1481 2827 1581 2885 doctis

354 2922 497 2980 nondum
518 2923 684 2981 laudatum
705 2925 762 2982 est.

393 3020 420 3077 1.
465 3020 726 3080 Theodoridas
748 3021 944 3080 Simonidem
963 3018 1291 3097 epigrammaticum
1309 3021 1448 3097 intellegi
1464 3022 1577 3096 voluit,

351 3135 424 3176 cum
446 3118 508 3176 ΑΡ.
527 3119 617 3177 XIII.
636 3119 672 3177 21
693 3120 874 3178 Mnasalcae
891 3119 1001 3194 poesin
1021 3120 1148 3177 vocaret
1166 3121 1220 3184 τᾶς
1236 3115 1270 3176 Σ
1272 3115 1436 3196 ιμωνίδα
1455 3117 1581 3185 atridas

351 3212 590 3293 ἀποσιτιίραγμα
620 3215 673 3291 (f.
701 3215 719 3293 ξ
749 3215 830 3292 124).
867 3217 1043 3276 Referenda
1065 3217 1143 3276 haec
1164 3215 1344 3276 notitia‘est
1366 3218 1406 3275 ad
1431 3217 1578 3294 Syllogen

354 3312 583 3387 Simonideam;
617 3332 656 3373 ex
686 3315 739 3373 illa
769 3316 854 3374 enim
883 3316 1077 3375 Mnasalcam
1106 3315 1251 3374 imitandi
1280 3316 1402 3390 copiam
1430 3317 1580 3392 petivisse

351 3411 490 3470 vidimus
514 3410 549 3488 (ἓ
573 3412 630 3471 125
653 3413 750 3487 sqq.).

390 3509 419 3568 2.
465 3510 667 3586 Meleager
695 3527 730 3569 se
757 3511 789 3567 in
817 3511 976 3576 Coronam
999 3513 1156 3587 recepisse
1176 3515 1313 3572 testatur
1334 3514 1387 3571 IV.
1411 3513 1444 3589 1,
1470 3514 1489 3572 8
1509 3511 1579 3574 νεδν

351 3604 503 3685 οἶνάνδης
523 3605 630 3686 κλῆμα
651 3604 684 3665 Σ
689 3629 699 3665 ι
706 3604 814 3683 μαινί
820 3605 912 3680 δεω;
939 3625 1012 3667 eum
1033 3626 1130 3669 usum
1152 3627 1223 3668 esse
1246 3611 1375 3687 Sylloge
1399 3611 1579 3671 Simonides

351 3706 500 3779 apparuit
523 3704 543 3783 ξ
565 3705 603 3765 38
627 3704 670 3782 (et
692 3703 839 3780 passim).

390 3803 418 3861 3.
467 3803 618 3862 Suidas
650 3821 675 3862 s.
708 3821 737 3862 v.
769 3799 954 3881 Σιμωνίδης
985 3802 1038 3880 (υ1.
1063 3806 1286 3865 Westermann
1315 3803 1425 3884 Βιογρ.
1449 3806 1520 3883 112)
1550 3810 1578 3866 et

351 3900 532 3961 Eudocia
561 3902 619 3961 882
647 3903 692 3961 Fl.
721 3904 760 3960 de
787 3905 898 3977 poetae
920 3903 1047 3978 scriptis
1069 3904 1187 3963 habent
1208 3905 1286 3963 haec
1308 3902 1405 3980 (quae
1425 3908 1520 3965 antea
1541 3923 1578 3964 ex

349 3997 401 4056 illo
423 3998 611 4074 interpolata
633 3999 821 4074 legebantur
838 4001 871 4057 in
893 4000 996 4059 Schol.
1018 4002 1071 4059 Ar.
1093 4003 1185 4077 Vesp.
1209 4000 1316 4077 1411);
1339 4000 1392 4061 καὶ
1410 4002 1578 4081 γέγραπται
1645 4024 1648 4030 ⁴

350 4093 438 4174 αὐτῷ
456 4093 576 4174 Δωρίδι
594 4095 747 4173 διαλέκτῳ
765 4096 784 4175 ἡ
803 4094 983 4175 Καμβύσου
1002 4097 1055 4157 καὶ
1074 4097 1208 4176 Δαρείου
1226 4098 1366 4176 βασιλεία
1384 4100 1438 4161 καὶ
1457 4100 1577 4180 Ξέρξου

350 4191 437 4270 <ναυ
443 4216 493 4270 μα
500 4194 576 4273 χία·
598 4193 652 4254 καὶ
673 4194 692 4273 ἡ
715 4193 764 4254 ἐπ’
781 4193 964 4274 Ἀρτεμισίῳ
983 4197 1144 4273 Eudocia>
1164 4197 1356 4278 ναυμαχία
1375 4197 1415 4258 δι’
1430 4198 1577 4277 ἐλεγείας,

349 4290 368 4369 ἡ
405 4290 434 4351 δ’
463 4291 496 4351 ἕν
526 4289 683 4370 Σαλαμῖνι
714 4291 870 4370 μελικώς,
905 4293 1040 4373 θρῆνοι,
1076 4293 1239 4371 ἐγκώμια,
1275 4294 1577 4375 ἐπιγράμματα,

348 4393 492 4460 παιᾶνες,
520 4387 574 4450 καὶ
601 4389 773 4468 τραγῳδίαι
800 4390 853 4451 καὶ
881 4389 966 4452 ἄλλα.
1000 4392 1204 4467 Quamquam
1225 4395 1404 4468 corruptela
1427 4414 1492 4454 non
1514 4413 1577 4456 una

349 4489 514 4564 inquinata
547 4492 623 4548 sunt
654 4490 731 4550 haec
764 4491 861 4550 verba
883 4490 957 4567 174),
995 4493 1101 4550 tamen
1134 4509 1198 4550 non
1230 4492 1365 4551 dubium
1396 4497 1464 4570 est,
1500 4496 1575 4570 quin

384 4712 428 4774 ill)
463 4714 547 4764 Variis
571 4716 655 4764 modis
681 4716 751 4764 bunc
774 4716 888 4765 indicem
912 4717 937 4765 in
963 4716 1095 4779 integrum
1121 4717 1260 4766 restituere
1285 4717 1371 4766 conati
1396 4721 1461 4766 sunt
1485 4719 1531 4766 viri
1552 4719 1575 4766 d.

347 4797 458 4862 (Bergk,
483 4799 513 4848 nd
540 4797 603 4848 Sim.
622 4799 653 4848 fr.
672 4797 723 4861 83).
750 4801 836 4852 Pauca
854 4802 999 4867 attingam,
1023 4807 1110 4851 cetera
1127 4802 1178 4851 vid.
1197 4817 1236 4866 ap.
1256 4803 1467 4868 Bernhardyum.
1497 4803 1574 4853 Exor-
