3546 5724
779 531 816 591 ιο
1237 530 1256 608 a
1280 532 1334 607 ac,
1359 531 1407 591 οι.

184 718 216 776 in
245 736 309 792 qua
338 715 533 778 Simonidis
560 735 675 776 versus
702 718 833 793 quidam
862 718 1030 793 respicitur
1060 719 1112 795 (fr.
1137 718 1195 777 215
1223 715 1293 794 B.):
1323 716 1355 777 ἕν
1377 715 1412 777 δὲ

185 813 282 876 Moio’
312 813 486 893 ἁδύπνοος]
516 833 534 874 a
538 861 678 875 .....
703 817 734 876 b.
764 814 829 875 ἀντὶ
851 820 905 876 τοῦ
926 815 1077 894 μουσικοί
1095 815 1165 876 εἶσι·
1194 813 1337 892 παρόσον
1358 814 1412 874 καὶ

183 912 308 992 ποιηταὶ
336 911 558 992 διασημότατοι
586 913 619 974 ἓν
647 911 802 992 Κορίνθῳ
830 912 987 991 ἐγένοντο,
1017 909 1064 973 ὧν
1085 909 1124 990 ἦν
1145 911 1198 973 καὶ
1219 906 1343 984 Αἴσιον,
1373 909 1412 973 οὗ

183 1011 338 1091 μέμνηται
365 1009 398 1070 Σ
403 1034 412 1071 ι
419 1010 526 1090 μαινὶ
533 1009 611 1090 ὃης.
644 1013 741 1072 Valde
762 1012 860 1088 igitur
882 1012 1045 1087 probabile
1065 1015 1114 1071 est
1136 1013 1410 1072 Chamaeleontem

184 1111 359 1169 sententiae
386 1111 493 1185 partes
522 1110 694 1169 concinnas
725 1107 771 1186 (iv
799 1106 834 1168 δὲ
863 1155 868 1167 .
892 1155 897 1167 .
921 1155 927 1167 .
951 1153 986 1179 .,
1015 1107 1048 1168 ἑν
1070 1106 1104 1168 δὲ
1127 1157 1132 1168 .
1156 1156 1161 1168 .
1185 1157 1191 1168 .
1215 1108 1234 1184 .)
1263 1110 1411 1169 versibus

89 1271 94 1280 ,
184 1208 363 1270 illustrasse
384 1205 606 1268 Simonideis.
636 1208 729 1277 Quod
750 1207 783 1266 in
805 1225 858 1282 co,
883 1207 938 1282 qui
959 1207 1028 1282 ipse
1049 1207 1088 1266 de
1111 1207 1273 1268 Simonide
1293 1208 1411 1267 librum

184 1306 391 1381 conscripsit,
427 1324 491 1364 non
523 1307 686 1365 miramur.
723 1305 793 1374 Qua
822 1323 860 1364 ex
889 1322 923 1363 re
951 1305 1046 1362 simul
1074 1307 1206 1380 apparet
1233 1306 1297 1364 iam
1325 1307 1412 1381 apud

184 1404 460 1463 Chamaeleontem
489 1395 605 1462 nomen
635 1403 807 1462 Simonidis
828 1402 1051 1478 epigrammati
1072 1402 1229 1461 adiectum
1250 1403 1413 1462 invenisse

184 1502 397 1578 Athenaeum,
433 1519 536 1577 neque
566 1519 639 1560 eum
670 1502 748 1560 illud
780 1501 908 1560 aliunde
935 1500 1068 1575 petitum
1095 1501 1129 1558 in
1159 1500 1412 1572 Chamaeleontis

184 1601 327 1660 notitiam
349 1601 529 1659 intrusisse.
1153 1649 1156 1654 .

223 1700 311 1758 llaec
339 1700 477 1774 denique
504 1715 555 1757 res
584 1699 694 1757 testari
722 1697 799 1755 mihi
828 1697 954 1756 videtur
975 1698 1215 1772 Theopompum
1237 1698 1410 1757 adductum

184 1797 245 1855 iam
263 1797 365 1857 fuisse
382 1798 468 1873 apud
487 1797 779 1872 Chamaeleontem,
805 1796 891 1870 quod
910 1796 1091 1855 Athenaeus
1110 1797 1322 1872 Theopompei
1339 1796 1411 1855 libri

185 1912 354 1954 numerum
367 1896 490 1954 adicere
502 1895 690 1971 supersedit.
711 1895 802 1963 Quod
816 1911 893 1953 sane
904 1894 937 1952 in
949 1895 1064 1969 quovis
1076 1895 1230 1970 scriptore
1240 1895 1326 1969 apud
1338 1911 1411 1952 eum

184 1993 311 2052 laudato
326 1994 498 2069 terremus,
517 1994 621 2052 sedin
636 1994 853 2068 Theopompo,
872 2011 966 2069 quem
982 1993 1094 2052 cotidie
1108 1993 1229 2052 terebat
1243 1992 1407 2068 manibuS,

185 2090 331 2150 fortunae
359 2092 566 2151 tribuendum
595 2110 659 2151 non
682 2091 823 2167 videtur,
855 2091 951 2165 idque
971 2109 1008 2150 co
1030 2091 1153 2165 minus,
1185 2091 1270 2164 quod
1292 2090 1410 2148 Timaei

184 2187 254 2246 libri
276 2207 432 2249 numerus
455 2208 518 2249 non
541 2190 729 2266 neglegitur.
756 2190 837 2249 Cum
859 2191 1063 2265 Theopompo
1084 2206 1120 2248 ea
1142 2191 1209 2249 erat
1231 2189 1407 2264 Athenaeo,

185 2285 233 2344 cui
251 2304 402 2362 magnam
421 2289 543 2362 partem
562 2287 631 2346 eius
650 2287 829 2362 fragmenta
846 2289 973 2362 accepta
988 2287 1173 2361 referimuS,
1194 2287 1408 2361 consuetude,

185 2385 218 2441 ut
246 2383 314 2442 fere
342 2403 519 2460 numquam
548 2386 704 2444 librorum
732 2385 801 2444 eius
830 2403 981 2445 numeros
1007 2386 1124 2444 addere
1144 2385 1267 2443 omittat
1288 2383 1339 2460 32).
1377 2384 1410 2444 Si

184 2481 425 2558 Theopompum
452 2484 515 2543 iam
544 2484 686 2560 neglecto
714 2484 786 2543 libri
815 2502 949 2543 numero
976 2501 994 2542 a
1017 2483 1260 2544 chamaeleonte
1279 2483 1411 2542 allatum

184 2579 283 2640 luisse
311 2584 464 2656 putamus
489 2617 527 2624 -
549 2600 653 2657 neque
673 2583 706 2641 in
731 2583 857 2643 Scholia
879 2583 1046 2641 Pindarico
1067 2581 1147 2640 liber
1169 2582 1411 2656 Theopompeus

184 2680 365 2738 accuratius
386 2681 545 2740 indicatur
567 2715 604 2721 -
626 2698 678 2740 res
700 2681 790 2740 facile
811 2681 987 2756 expeditur.

224 2775 243 2853 ,ξ
267 2777 315 2837 31.
362 2777 413 2838 Dc
442 2776 703 2840 Chamaeleonte
731 2779 836 2857 atque
866 2777 1013 2839 Timaeo.
1060 2779 1352 2853 Chamaeleontem,
1384 2778 1411 2836 si

184 2875 276 2934 unice
302 2876 506 2952 Theopompo
532 2895 612 2936 usus
634 2880 734 2954 esset,
766 2879 874 2936 eadem
898 2877 1090 2937 narrationis
1111 2877 1264 2935 elementa
1286 2879 1411 2951 praeter

184 2973 365 3033 meretrices
393 2975 590 3050 eandemque
618 2978 714 3049 atque
741 2976 830 3034 illum
858 2975 1097 3051 epigrammatis
1125 2975 1326 3034 traditionem
1357 2972 1409 3049 (A)

183 3072 399 3132 exhibiturum
423 3074 523 3133 fuisse
544 3092 673 3134 necesse
694 3078 742 3134 est
762 3073 813 3150 33).
843 3075 977 3133 Praebet
998 3076 1104 3132 autem
1124 3073 1326 3132 traditionem
1348 3072 1410 3147 epi-

183 3170 371 3242 grammatis
396 3171 432 3244 S;
455 3173 541 3231 uude
563 3173 709 3247 sequitur
730 3191 802 3230 eum
825 3175 950 3246 praeter
972 3173 1212 3247 Theopompum
1234 3187 1411 3245 usurpasse

183 3265 317 3342 iontem,
349 3286 388 3325 ex
410 3285 474 3342 quo
496 3287 611 3328 nomen
635 3269 808 3329 Simonidis
830 3269 1000 3328 derivaret.
1035 3269 1128 3338 Quod
1150 3269 1311 3326 undenam
1334 3267 1410 3342 peti·

183 3365 278 3440 verit,
310 3365 343 3423 in
373 3369 523 3441 promptu
551 3370 609 3426 est.
645 3368 694 3425 Ex
715 3385 751 3427 eo
774 3367 892 3426 scilicet
913 3367 1082 3443 scriptore,
1113 3384 1208 3442 quem
1230 3365 1323 3425 tertio
1343 3365 1411 3424 loco

213 3577 248 3640 32)
283 3580 614 3644 LaudaturTheopompus
627 3582 885 3645 apudhthenaeum,
899 3587 929 3632 ut
942 3597 972 3631 ex
984 3581 1136 3631 llaibeliano
1146 3581 1231 3629 indice
1240 3578 1274 3642 (p.
1284 3578 1333 3628 670
1342 3579 1411 3644 sqq.)

182 3669 298 3727 apparet,
310 3666 461 3730 septuagies
474 3672 576 3730 quater.
595 3667 703 3717 Praeter
716 3672 837 3716 nostrum
850 3669 936 3716 locum
948 3681 1093 3730 omnesque
1103 3664 1254 3728 (quattuor)
1263 3665 1389 3714 librorum
1402 3666 1410 3713 l

183 3758 209 3798 et
223 3750 245 3798 ll
261 3752 345 3812 locos,
363 3765 477 3813 quornm
493 3752 592 3802 indices
608 3753 697 3801 omisit
711 3753 881 3815 epitomator,
897 3756 1025 3815 quattuor
1040 3755 1145 3799 tantum
1162 3750 1335 3798 inveniuntur
1347 3750 1409 3810 loci,

184 3833 227 3882 ubi
244 3850 375 3884 numerus
393 3836 453 3884 libri
471 3837 627 3901 neglegitur.
647 3837 765 3895 Quorum
785 3837 920 3886 nonnullis
938 3837 1009 3884 iusta
1026 3836 1100 3885 adest
1117 3834 1258 3884 excusatio.

214 3917 249 3979 33)
284 3918 484 3969 chamaeleonti
502 3936 564 3971 sane
583 3924 659 3971 nulla
676 3927 734 3970 erat
751 3937 844 3984 causa,
862 3938 909 3971 eur
924 3921 1109 3984 epigrammati
1124 3933 1257 3982 anonymo
1270 3918 1410 3968 Simonidis

183 4003 297 4052 adiceret
322 4005 523 4068 auctoritatem,
549 4007 618 4070 quod
646 4022 707 4056 eum
732 4007 824 4056 fecisse
849 4011 926 4068 putat
950 4006 1125 4058 Wilamowitz
1149 4020 1172 4066 p.
1190 4002 1240 4052 310
1263 4017 1315 4066 sq:
1342 4003 1411 4051 “dass

184 4088 329 4138 Simonides
352 4089 379 4138 in
404 4091 488 4140 dieser
512 4073 713 4154 ilberlieierung
738 4090 783 4153 [sc.
808 4107 877 4155 quae
901 4093 928 4140 in
950 4091 1125 4140 Plutarchum
1144 4093 1285 4152 propagata
1302 4086 1353 4148 est]
1373 4089 1408 4136 im

183 4173 358 4236 allgemeinen
384 4175 457 4225 nicht
481 4177 525 4224 fiir
548 4177 599 4226 den
623 4177 758 4226 Veriasser
782 4178 828 4226 der
846 4175 974 4225 Gedichte
993 4191 1041 4225 aus
1059 4176 1106 4223 der
1123 4174 1267 4222 Perserzeit
1284 4175 1353 4237 galt,
1377 4173 1411 4221 ist

185 4258 289 4321 wichtig
306 4258 499 4323 iestzuhalten,
524 4277 575 4309 nur
593 4261 639 4310 das
658 4260 771 4310 Gedicht
789 4262 835 4309 der
854 4261 1012 4310 Hierodulen
1032 4260 1102 4331 ward
1121 4260 1177 4307 ihm
1195 4258 1326 4322 gegeben,
1350 4258 1410 4308 weil

184 4342 209 4390 in
232 4344 317 4392 dieser
341 4343 483 4408 Zuteilung
506 4345 677 4395 Chamaileon
702 4347 751 4394 mit
774 4346 928 4409 gewohnter
952 4344 1171 4407 Weitherzighcit
1191 4346 1409 4406 vorarigegangcn

185 4429 251 4479 war'.
278 4429 353 4488 Quae
377 4444 429 4478 non
453 4431 613 4494 scripsisset,
638 4431 744 4493 opinor,
768 4432 806 4478 vir
830 4432 875 4493 cl,
900 4430 966 4479 siin
985 4429 1208 4478 commentatione
1226 4427 1411 4491 suaSylloges

186 4511 349 4563 Simonideae
373 4514 510 4564 habuisset
533 4516 670 4564 rationem.
699 4514 772 4572 Quod
798 4514 860 4564 huic
883 4514 1067 4578 epigrammati
1091 4513 1231 4563 Simonidis
1250 4527 1346 4562 nomen
1364 4514 1410 4562 ad-

186 4597 302 4647 iunctum
328 4603 382 4661 est,
407 4599 492 4648 eidem
511 4599 623 4649 debetur
639 4613 747 4660 causae,
773 4603 975 4662 propterquam
994 4597 1411 4661 ceteraquattuortlorinthiaca

186 4682 211 4730 iu
228 4685 369 4734 traditione
388 4684 405 4733 S
423 4683 485 4732 alibi
503 4681 541 4745 (55
555 4683 602 4748 34,
620 4681 664 4744 38)
683 4683 792 4732 laudata
808 4683 986 4733 Simonideam
1003 4683 1188 4732 auctoritatem
1203 4687 1324 4732 assecuta
1339 4688 1409 4732 sunt.

186 4766 220 4815 Ea
235 4784 251 4816 a
266 4768 473 4818 chamaeleonte
491 4783 543 4818 non
561 4769 669 4817 laudata
687 4773 770 4818 erant.
789 4769 883 4831 ltaque
899 4767 1057 4817 Chamaeleo
1072 4772 1191 4831 nonest,
1209 4768 1255 4830 qui
1269 4767 1410 4816 Simonidis

187 4853 289 4902 nomine
310 4869 351 4916 ep.
369 4851 417 4901 137
436 4853 575 4902 ornaverit.
