3516 5712
782 489 820 548 85
1237 489 1256 568 5
1279 490 1408 552 45-48.

188 674 416 750 epigrammate
442 675 609 735 decantato
636 675 898 752 Thermopylensi
921 677 959 736 92
980 694 1132 736 enarrare
1153 677 1256 753 pergit
1279 677 1419 754 Strabo,

189 774 295 830 utrum
311 789 347 830 ea
361 772 474 832 debeat
488 774 688 832 Artemidoro
704 773 899 849 (Apollodori
915 778 998 834 certe
1013 793 1075 834 uon
1092 778 1178 852 suut,
1200 776 1239 835 cl.
1253 774 1414 836 Schwartz

187 868 247 945 ll.)
270 888 312 929 an
334 866 463 929 aliunde
484 867 671 947 sumpserit,
697 872 750 930 vix
772 872 855 930 ellici
876 875 994 947 potest:
1016 870 1087 950 aspi
1106 871 1193 932 δὲτὰ
1212 870 1301 933 στενὰ
1319 877 1414 934 ταῦτα

188 965 217 1026 οἱ
245 964 317 1044 περὶ
344 965 510 1027 Λεωνίδαν
537 965 615 1046 μετὰ
644 965 759 1046 ὀλίγων
787 971 851 1029 τῶν
879 967 1012 1047 ὁμόρων
1040 974 1103 1037 τοῖς
1130 968 1237 1038 τόποις
1265 969 1414 1050 ἀντέσχον

186 1062 266 1142 πρὸς
284 1063 339 1132 τὰς
352 1064 503 1134 τοσαύτας
516 1069 580 1127 τῶν
594 1063 733 1144 Περσῶν
750 1063 899 1144 δυνάμεις
914 1113 920 1127 .
938 1114 944 1126 .
961 1113 967 1127 .
984 1113 991 1126 .
1008 1065 1061 1128 καί
1081 1072 1138 1128 νῦν
1153 1065 1187 1128 τὸ
1201 1067 1414 1146 πολυάνδριον

186 1162 315 1224 ἐκείνων
342 1161 403 1224 εὀτὶ
430 1163 617 1244 unicultor
645 1162 698 1224 καὶ
726 1164 745 1244 ἡ
774 1163 1038 1245 θρυλουμένη
1065 1165 1270 1245 ἐπιγραφὴ
1292 1171 1329 1246 τῇ
1350 1171 1414 1228 τῶν

186 1259 450 1340 Λακεδαιμονίων
472 1261 566 1342 στήλῃ
588 1262 704 1342 ἔχουσα
727 1261 842 1330 οὕτως·
865 1281 931 1339 seq.
957 1282 1005 1340 ep.
1034 1265 1072 1324 92
1098 1265 1201 1324 forma
1222 1266 1263 1325 Α2
1286 1261 1328 1342 (ὦ
1348 1264 1410 1336 ξέν’

185 1344 354 1438 οἰνιάγγ.).Ι
367 1361 502 1420 Praebet
515 1361 614 1438 igitur
630 1361 746 1420 Strabo
760 1362 1000 1437 epigrammatis
1016 1363 1194 1422 versionem
1210 1364 1395 1439 popularem
1403 1382 1410 1437 ;

184 1459 263 1517 adeo
282 1459 472 1534 imperativo
492 1457 635 1536 ἄγγειλον
656 1460 763 1518 hiatus
784 1460 924 1519 evitandi
945 1460 1048 1536 gratia
1067 1462 1260 1536 praepositio
1274 1480 1412 1522 accesse-

184 1559 242 1614 rat.
269 1557 405 1633 Errant,
429 1558 484 1631 qui
499 1560 612 1633 putent
629 1557 819 1622 Strabonem
834 1559 1064 1635 Thermopylas
1079 1560 1227 1619 visitasse
1243 1559 1295 1636 (cf.
1312 1559 1331 1637 ᾗ
1345 1560 1408 1638 44).

225 1653 316 1731 §Aa
363 1652 414 1716 Dc
434 1655 552 1716 ceteris
573 1673 648 1733 epp.
673 1655 772 1732 apud
793 1654 998 1716 Strabonem
1021 1654 1140 1718 obviis.
1182 1659 1312 1734 Legitur
1327 1659 1408 1718 XIV.

183 1753 211 1811 2.
241 1754 258 1812 5
285 1770 316 1828 p.
346 1751 404 1812 652
430 1772 479 1830 ep.
505 1754 561 1814 185
583 1755 604 1813 b
625 1773 841 1831 anonymum,
872 1755 960 1829 quod
980 1755 1012 1814 iu
1035 1757 1130 1815 Auth.
1156 1756 1318 1816 Plauudea
1341 1757 1407 1816 IVfl.

183 1851 210 1909 6.
235 1852 253 1908 4
279 1849 331 1927 (=
352 1869 425 1927 app.
450 1850 502 1927 82)
532 1855 562 1911 et
589 1854 622 1911 in
651 1855 740 1912 textu
768 1852 896 1910 diverso
924 1853 953 1911 et
982 1870 1054 1912 cum
1083 1853 1210 1911 nomine
1238 1853 1411 1914 Simonidis

182 1950 388 2008 coniunctum
415 1950 588 2009 invenitur.
623 1951 711 2010 Inter
739 1952 798 2010 has
826 1950 1013 2010 traditiones
1041 1953 1148 2010 autem
1176 1969 1240 2010 uon
1268 1953 1410 2011 condicio

184 2047 259 2104 Am
284 2047 306 2106 S
328 2047 506 2121 intercedit,
539 2048 712 2108 Simonidis
739 2049 823 2108 euim
853 2066 968 2108 nomen
995 2049 1232 2124 epigrammati,
1263 2049 1349 2124 quod
1371 2050 1411 2108 de

185 2145 314 2204 Colosso
342 2146 466 2205 Rhodio
493 2149 557 2221 est,
589 2147 743 2205 Planudis
771 2164 878 2206 errore
899 2164 970 2205 esse
990 2146 1162 2222 adiectum,
1192 2148 1254 2206 iam
1272 2165 1309 2205 eo
1326 2147 1410 2206 ellici

184 2246 301 2319 potest,
332 2245 458 2319 quod-a
480 2244 690 2320 scriptoribus
712 2245 840 2304 duobus
866 2245 1070 2321 Byzantinis,
1103 2245 1312 2305 Constantino
1334 2246 1409 2304 Por-

183 2342 423 2417 phyrogeuueto
451 2343 491 2402 de
519 2342 603 2402 adm.
627 2343 703 2418 imp.
727 2343 764 2402 21
794 2345 890 2418 atque
916 2343 1060 2424 Cedreno
1081 2343 1096 2401 Ι
1119 2361 1148 2418 p.
1175 2344 1249 2418 755,
1281 2361 1409 2402 carmen

184 2439 317 2497 affertur
348 2440 521 2499 Simonidis
549 2441 677 2499 nomine
704 2440 909 2516 destitutum,
940 2458 1137 2516 quamquam
1165 2441 1274 2500 eodem
1300 2443 1405 2516 textu,

184 2537 236 2610 qui
265 2539 313 2596 est
341 2538 429 2613 apud
457 2539 643 2597 Plauudem.
682 2540 841 2598 Textuum
867 2556 902 2598 ea
931 2542 979 2598 est
1007 2539 1166 2614 condicio,
1197 2541 1232 2598 ut
1254 2539 1409 2599 recentior

184 2636 318 2694 maculis
339 2637 490 2696 allectum
514 2635 567 2713 (cf.
590 2635 613 2716 ¹§
639 2635 709 2713 114)
733 2637 883 2712 praebeat
905 2637 1110 2696 vetustiorem
1131 2635 1169 2712 5).

221 2734 429 2792 Locrensium
451 2735 646 2809 epitaphium
669 2735 941 2812 Thermopyleuse
963 2734 1024 2811 (ep.
1050 2734 1102 2811 93)
1126 2735 1242 2810 legitur
1263 2735 1318 2793 IX.
1339 2736 1367 2794 4.
1390 2736 1408 2794 2

183 2848 211 2904 p.
237 2831 311 2906 425,
342 2831 428 2905 quod
457 2849 496 2890 ex
523 2833 714 2907 Apollodoro
744 2832 797 2909 (cl.
824 2831 843 2910 ξ
868 2832 918 2909 16)
948 2833 1055 2892 hausit
1079 2833 1196 2892 Strabo
1216 2833 1408 2907 quodquea

185 2927 422 2989 Schneidewino
446 2929 636 2989 Simonideis
657 2931 814 2990 insertum
836 2933 900 3006 est,
930 2931 1005 3005 quia
1027 2948 1171 3006 carmen,
1197 2932 1283 3006 quod
1305 2948 1408 2991 unum

181 3044 219 3084 ex
249 3028 393 3102 quinque
420 3027 659 3103 epigrammatis
687 3029 1013 3105 Thermopylensibus
1040 3028 1141 3088 luisse
1169 3029 1404 3104 arbitrabatur,

181 3125 208 3182 ei
229 3125 269 3183 ab
290 3126 399 3184 eodem
422 3128 513 3200 poeta
535 3126 745 3218 compositum
766 3143 838 3185 esse
858 3126 1026 3186 videbatur
1047 3129 1143 3202 atque
1164 3127 1267 3186 cetera
1288 3128 1359 3186 tria.

659 3332 687 3392 5.
732 3344 922 3393 monouus.

221 3516 241 3594 §
274 3518 322 3577 48.
379 3515 429 3578 Dc
462 3516 633 3595 Ephorus
662 3518 761 3595 apud
793 3517 1000 3579 Diodorum.
1056 3519 1146 3588 Quae
1176 3520 1405 3596 epigrammata

183 3614 363 3674 Simonidea
393 3615 507 3692 (eaque
534 3634 694 3693 anonyma
722 3615 842 3693 omnia)
872 3618 958 3693 apud
988 3618 1162 3677 Diodorum
1183 3618 1344 3694 leguntur,
1369 3637 1406 3677 ea

180 3730 218 3770 ex
239 3714 368 3789 Ephoro
389 3714 505 3773 hausta
526 3732 597 3774 esse
614 3716 700 3790 apud
714 3731 825 3774 omues
840 3718 973 3774 constat.
1000 3715 1066 3774 Lib.
1086 3715 1140 3774 XI.
1158 3715 1196 3774 33
1211 3717 1406 3791 praebentur

180 3829 249 3886 epp.
276 3812 349 3888 139,
381 3813 436 3888 91,
467 3813 505 3872 92
536 3812 582 3889 (in
610 3814 713 3870 forma
741 3811 779 3872 A²
808 3813 847 3871 cl.
879 3811 898 3890 ξ
927 3812 996 3890 44);
1025 3814 1064 3872 de
1092 3814 1222 3888 Ephoro
1249 3814 1337 3873 loute
1362 3815 1404 3872 cl.

181 3911 288 3986 Unger
309 3911 420 3970 Philol.
445 3911 492 3970 40.
519 3911 594 3971 1881
618 3929 648 3986 p.
674 3911 712 3970 59
734 3928 804 3985 sqq.
844 3911 902 3986 Ep.
919 3911 989 3986 139,
1014 3911 1102 3985 quod
1124 3928 1285 3985 nusquam
1307 3911 1401 3986 redit,

181 4025 198 4065 a
228 4008 467 4068 Schneidewino
494 4010 577 4068 inter
606 4008 788 4068 Simonidea
816 4011 864 4067 est
885 4011 1056 4083 receptum.
1092 4009 1211 4067 Eodem
1236 4009 1290 4067 lib.
1315 4027 1341 4068 c.
1366 4008 1404 4067 62

181 4106 329 4165 laudatur
355 4124 404 4182 ep.
436 4107 508 4182 142,
539 4108 571 4165 in
600 4124 637 4166 ea
665 4107 785 4182 forma,
817 4123 913 4181 quam
942 4107 1025 4165 inter
1054 4108 1233 4181 complures
1261 4106 1403 4166 eiusdem

180 4205 416 4280 epigrammatis
437 4205 623 4264 traditiones
645 4205 901 4278 antiquissimam
919 4202 986 4281 (A¹)
1003 4209 1073 4263 esse
1088 4205 1267 4264 videbimus
1285 4203 1320 4282 (ἓ
1337 4202 1400 4280 60).

182 4303 224 4360 De
251 4303 382 4377 Ephoro
407 4303 504 4361 huius
526 4304 637 4378 capitis
659 4303 746 4362 fonte
767 4303 806 4361 cl.
838 4303 1076 4378 Volquardseu,
1108 4303 1299 4362 Untersuch.
1324 4302 1405 4361 iiber

182 4401 296 4459 Diodor
319 4401 396 4460 1868
417 4419 448 4475 p.
473 4401 528 4476 53,
553 4401 608 4476 58,
632 4401 680 4460 66.
716 4402 761 4459 De
782 4401 912 4475 Ephoro
934 4401 1063 4462 Diodori
1083 4404 1213 4461 auctore
1233 4401 1405 4476 praecipuo

210 4630 233 4694 5)
267 4633 403 4682 Eiusmodi
420 4635 513 4684 relatio
530 4639 604 4684 extat
620 4635 691 4684 inter
708 4639 813 4684 textum
831 4637 1029 4700 epigrammatis
1046 4636 1072 4685 in
1093 4635 1229 4684 Praxitelis
1247 4635 1405 4698 Cupidinem

179 4715 284 4776 (Athen.
310 4717 365 4766 llll.
392 4717 437 4767 591
458 4717 485 4780 a)
511 4723 592 4782 atque
619 4720 738 4769 eiusdem
765 4721 965 4784 epigrammatis
991 4724 1093 4769 textum
1118 4721 1251 4768 diversum
1276 4721 1405 4769 Simonidi

180 4803 337 4852 attributum
356 4819 413 4867 app.
432 4804 505 4853 Plan.
523 4803 572 4853 204
590 4803 633 4866 (cl.
652 4802 733 4867 571).
