3546 5724
773 509 810 581 61
1164 525 1168 532 ’
1231 517 1250 600 S
1274 513 1328 600 33,
1354 512 1402 584 al.

180 705 297 790 potuit,
342 703 369 769 si
406 723 470 785 qua
509 704 590 769 forte
628 707 710 768 inter
748 709 972 785 inscriptiones
1010 706 1258 770 innumerabiles
1296 715 1407 786 poetae

179 809 229 867 sui
249 809 391 867 carmina
412 808 742 882 deprehenderentur,
777 808 832 866 sed
853 808 958 866 fontes
979 807 1068 866 adire
1090 808 1198 866 debuit
1219 808 1400 868 litterarios.

180 908 248 966 Hae
275 907 339 964 iam
368 905 489 965 ratione
516 907 619 966 evinci
647 908 750 981 potest
780 904 925 982 Sylloges
956 905 1157 965 Simonideae
1177 907 1406 982 epigrammata

180 1005 274 1080 petita
307 1004 407 1063 fuisse
437 1021 482 1063 ex
513 1005 805 1080 scriptoribus.
841 1005 890 1062 Ex
922 1001 1102 1080 lapidibus
1132 1005 1310 1079 conquisita
1337 1021 1408 1064 esse

179 1102 408 1177 epigrammata
449 1102 622 1161 Simonidei
661 1101 817 1161 corollarii
856 1102 1135 1160 Reitzensteinium
1176 1103 1306 1162 omnino
1342 1120 1407 1162 non

180 1201 417 1259 demonstrasse
437 1201 499 1258 iam
523 1198 543 1278 ς
565 1200 603 1259 23
626 1200 744 1260 monui.

221 1297 510 1373 Scriptoribus
538 1316 634 1357 usum
663 1316 734 1356 esse
761 1298 968 1358 (iolleotorem
995 1299 1064 1356 tum
1094 1315 1170 1356 vero
1197 1299 1315 1373 optime
1335 1317 1407 1373 pro·

180 1395 256 1454 bare
276 1413 467 1470 possumus,
493 1396 520 1454 si
540 1397 682 1456 eiusdem
705 1396 944 1472 epigrammatis
966 1396 1137 1455 habemus:

221 1491 251 1568 1)
282 1493 419 1552 formam
441 1495 610 1568 pristinam
631 1494 664 1553 in
686 1494 791 1569 lapide
810 1494 882 1570 ipso
906 1490 989 1571 (A1);

219 1587 251 1666 2)
281 1591 419 1651 formam
440 1592 525 1667 apud
548 1592 734 1667 scriptorem
755 1592 900 1668 obviam,
930 1593 986 1666 qui
1007 1592 1136 1666 quidem
1157 1592 1408 1652 traditionemA

281 1691 514 1765 repraesentat,
547 1690 602 1748 sed
630 1689 827 1765 epigramma
855 1690 985 1764 praehet
1012 1689 1052 1748 ab
1074 1689 1113 1747 A¹
1135 1690 1300 1748 diversum
1324 1688 1407 1766 (A²);

220 1785 252 1861 3)
283 1785 1405 1864 formamtraditionissimoniacaeexmutationeformaehmatam(S).

220 1885 270 1942 Ex
291 1885 441 1943 omnibus
462 1885 700 1960 epigrammatis
722 1902 824 1943 unum
845 1887 909 1960 est,
934 1885 1020 1959 quod
1035 1884 1165 1959 praehet
1180 1885 1408 1960 gravissimum

182 1983 258 2041 illud
280 1985 505 2058 argumentum
528 1981 678 2041 omnibus
699 1981 847 2056 partibus
869 1981 1062 2040 absolutum.
1097 1982 1145 2040 Eo
1166 1985 1272 2041 autem
1294 1983 1408 2057 pretio·

183 2080 249 2138 sins
271 2083 336 2156 est,
360 2080 446 2155 quod
467 2097 570 2138 unum
591 2082 639 2138 est
660 2097 699 2138 ex
721 2079 864 2154 quinque
884 2079 1125 2154 epigrammatis
1144 2079 1364 2139 Corinthiacis.

221 2179 429 2254 Epigramma
450 2177 488 2236 96
509 2177 626 2253 legitur
646 2177 679 2235 in
701 2177 917 2236 traditionem
938 2178 1024 2252 apud
1045 2178 1252 2238 Plutarchum
1271 2178 1311 2236 de
1329 2178 1405 2237 Her.

183 2295 223 2335 m.
247 2275 307 2335 870
328 2294 362 2352 e,
387 2295 405 2335 a
427 2295 491 2352 quo
512 2277 689 2336 adhibitum
712 2294 782 2336 esse
804 2276 943 2334 vidimus
968 2274 1002 2354 (ξ
1024 2273 1077 2352 29)
1100 2277 1283 2352 Ephorum,
1313 2294 1409 2352 quem

183 2391 298 2433 rursus
320 2374 490 2434 verisimile
510 2376 662 2434 duximus
685 2375 847 2434 materiem
867 2375 1017 2434 hausisse
1030 2393 1069 2433 ex
1084 2375 1255 2450 scriptione
1269 2376 1409 2450 quadam

183 2473 376 2548 apologetica
408 2472 619 2531 Corinthiaco.
664 2472 913 2548 Epigrammatis
945 2475 1052 2531 textus
1083 2473 1169 2547 apud
1201 2473 1409 2532 Plutarchum

183 2570 266 2629 vitiis
284 2570 488 2628 librariorum
509 2570 688 2628 maculatus
706 2572 768 2629 est:
791 2571 824 2628 in
839 2589 869 2628 v,
888 2570 1036 2646 liegitur
1052 2588 1113 2630 vox
1128 2570 1218 2628 nihili
1233 2567 1407 2648 ᾶνάματος,

183 2686 280 2742 quam
301 2685 341 2726 ex
363 2666 420 2742 ἅμ’
440 2666 492 2744 (=
513 2664 587 2745 ἁμὲ)
611 2664 745 2734 Αἴαντος
766 2670 950 2743 corruptam
972 2685 1043 2727 esse
1064 2669 1176 2728 collata
1198 2669 1367 2727 traditione
1388 2667 1409 2728 S

183 2766 245 2824 iam
274 2766 353 2825 vidit
374 2765 581 2839 Valckenaer;
612 2784 642 2824 v.
667 2767 684 2824 4
707 2762 854 2843 ῥῠόμεθα
876 2766 984 2825 itidem
1006 2767 1118 2826 collata
1140 2767 1310 2826 traditione
1333 2767 1354 2827 S
1377 2768 1410 2826 in

185 2861 372 2940 ῥυσάμεθα,
414 2865 499 2938 quod
538 2865 700 2938 praeterea
740 2865 895 2922 sententia
934 2863 1078 2939 flagitat,
1120 2865 1256 2924 correxit
1291 2866 1411 2924 Jacobs

186 2958 237 3035 (cf.
267 2958 287 3037 ξ
316 2961 389 3036 137,
418 2957 460 3036 1).
485 2961 615 3037 Integra
643 2961 746 3020 forma
765 2962 926 3036 Ephorea‚
953 2978 1036 3035 quae
1059 2961 1163 3020 littera
1187 2961 1229 3021 A*
1252 2963 1410 3038 signanda

184 3065 246 3134 est,
279 3059 324 3117 sic
346 3059 449 3118 audit:

383 3153 412 3216 α’)
434 3155 515 3226 ξένε,
538 3154 674 3234 εὔυδρόν
693 3154 763 3216 ποτ’
781 3155 926 3235 ἐναίομεν
947 3154 1022 3217 ἄστυ
1045 3153 1209 3234 Κορίνθου

423 3257 480 3314 νῦν
502 3253 531 3315 δ’
552 3253 573 3314 ἅ
578 3254 614 3332 μ’
633 3252 768 3322 Αἴαντος
788 3257 883 3321 νᾶσος
904 3253 967 3334 ἔχει
987 3251 1140 3333 Σαλαμίς.

383 3349 532 3413 ἐνθάδε
558 3351 725 3420 Φοινίσσας
745 3357 823 3432 νῆας
844 3350 897 3412 καὶ
919 3349 1048 3430 Πέρσας
1069 3350 1189 3418 ἑλόντες

425 3448 478 3509 καὶ
499 3447 637 3529 Μήδους
659 3447 746 3528 ἱερὰν
764 3447 898 3510 Ἑλλάδα
920 3448 1136 3528 ῥυσάμεθα
1150 3495 1323 3510 ......
1358 3451 1408 3512 Αἳ.

186 3547 336 3607 Eiusdem
365 3548 604 3624 epigrammatis
626 3550 753 3609 traditio
773 3551 860 3608 extat
884 3548 1057 3608 Simonidis
1079 3549 1267 3608 auctoritate
1289 3550 1411 3608 mnnita

185 3661 284 3720 eaque
310 3646 415 3704 tribus
443 3646 520 3705 loeis
547 3647 674 3706 diversa
696 3647 736 3706 ab
758 3665 924 3724 anonyma
941 3648 1027 3722 apud
1049 3646 1243 3706 Favorinum
1269 3644 1320 3722 [=
1342 3648 1411 3705 Ps-

188 3743 274 3801 Dion.
308 3741 399 3820 Chr]
430 3745 587 3803 XXXVII.
618 3744 655 3804 18
684 3745 730 3821 (in
751 3746 895 3805 oratione
917 3743 1148 3820 Corinthiaoa);
1179 3745 1264 3803 unde
1285 3745 1410 3803 conclu·
1522 3732 1525 3736 ¹

185 3839 325 3899 dendum
346 3843 394 3900 est
415 3842 499 3901 hane
519 3859 590 3900 esse
607 3843 809 3902 traditionem
831 3843 870 3917 S,
894 3823 976 3902 inter
995 3861 1092 3917 qnam
1111 3860 1147 3901 ao
1167 3843 1368 3900 traditionem
1387 3842 1411 3899 A

185 3938 294 3996 eadem
325 3938 499 3998 intercedat
527 3940 669 3999 condicio
697 3943 793 4015 atque
819 3941 903 3999 inter
931 3940 1169 4016 epigrammatis
1199 3940 1256 4000 137
1287 3937 1411 4016 (Corin-

185 4035 324 4094 thiarum
347 4053 512 4095 sacrarum
534 4038 712 4113 puellarum
730 4035 958 4114 venerearum)
982 4038 1062 4097 trad.
1087 4038 1113 4095 Α
1134 4039 1163 4096 et
1188 4038 1219 4097 S.
1245 4039 1411 4098 Praeterea

186 4133 402 4193 demonstravi
433 4133 476 4212 §S
500 4136 554 4211 53,
588 4136 642 4194 101
672 4170 711 4178 -
739 4138 824 4210 quod
852 4138 929 4213 h.1.,
962 4154 1000 4196 ue
1027 4136 1122 4195 nimis
1143 4137 1260 4212 longus
1282 4136 1408 4214 fierem,

186 4232 277 4290 omisi
290 4265 331 4274 -
345 4250 384 4291 ex
403 4233 528 4292 Corona
545 4235 721 4310 Meleagrea
737 4233 832 4310 (quae
850 4235 1039 4310 particulam
1054 4234 1199 4310 Sylloges
1213 4234 1413 4294 Simonideae

187 4330 348 4405 complexa
373 4327 435 4406 est)
463 4331 702 4407 epigrammatis
724 4333 860 4390 formam
884 4331 905 4391 S
927 4350 946 4390 a
966 4333 1125 4391 Favorino
1146 4335 1304 4408 receptam
1325 4350 1409 4408 esse,

188 4428 282 4500 atque
308 4428 388 4486 adeo
415 4428 448 4486 in
477 4430 666 4505 Anthoiogia
696 4430 838 4488 Palatina
869 4428 914 4506 (in
944 4447 1040 4505 quam
1070 4431 1197 4489 transiit
1219 4430 1414 4506 Meleagreae

191 4525 330 4584 Coronae
361 4525 591 4602 fragmentum)
631 4528 869 4603 epigrammatis
901 4530 1005 4587 locum
1037 4529 1070 4587 in
1098 4529 1209 4588 ordine
1238 4530 1414 4605 Meleagreo

191 4623 348 4700 designari
368 4641 473 4699 posse.
499 4626 614 4684 Forma
638 4625 659 4684 S
681 4625 714 4683 in
737 4625 898 4685 codicibus
917 4626 1045 4686 Dioneis
1063 4627 1188 4702 integra
1207 4629 1333 4686 servata
1350 4631 1412 4700 est;

192 4720 297 4780 Arnim
318 4722 448 4797 quidem
466 4740 506 4781 ex
523 4723 633 4797 optimi
651 4723 767 4782 codicis
785 4722 1065 4800 M(eermanniani)
1086 4725 1273 4784 auctoritate
1291 4721 1319 4784 ὦ
1338 4725 1411 4795 ξεῖν’

194 4820 303 4894 recepit
325 4838 383 4896 pro
405 4839 459 4896 eo,
488 4821 573 4895 quod
595 4822 681 4895 apud
704 4822 870 4896 Ephorum
893 4826 923 4881 et
944 4823 1058 4882 deinde
1073 4823 1106 4881 iu
1117 4822 1245 4898 Sylloge
1260 4823 1413 4883 traditum

1281 4918 1315 4972 511·
