3516 5712
384 447 460 526 cap.
484 445 552 526 111,
578 448 625 510 ιε.
968 447 1026 510 158

384 638 485 697 umus
512 655 624 698 omnes
652 638 802 714 lacunas,
836 655 918 713 quas
948 655 1101 698 versuum
1131 639 1244 698 seriem
1271 638 1303 697 in
1333 639 1439 699 codice
1467 639 1605 698 Palatino

382 736 531 794 dirimere
553 737 643 796 novi:

424 833 455 910 1)
482 834 631 893 lacunam
658 837 803 893 nostram
829 851 886 894 sex
911 834 1011 894 lineas
1032 837 1240 910 occupantem
1262 837 1336 894 ante
1356 852 1405 909 ep.
1423 836 1476 894 VI.
1499 835 1554 893 144
1574 835 1604 893 in

483 932 551 992 cod.
572 949 645 1007 pag.
661 931 734 1006 166,
759 931 897 1006 ascripta
918 934 967 990 est
985 933 1059 991 nota
1078 931 1272 992 correctoris
1291 930 1329 992 οὐ
1347 930 1441 992 λείπει
1459 930 1506 998 ὡς
1523 929 1604 1010 οἶμαι

483 1027 558 1089 οὐδὲ
579 1027 734 1104 ἐνταῦθα,
758 1047 822 1104 qua
844 1030 972 1105 respicit
993 1032 1101 1089 notam
1124 1047 1215 1089 suam
1238 1031 1277 1089 ad

422 1125 455 1203 2)
481 1129 629 1186 lacunam
651 1127 757 1186 itidem
780 1144 836 1186 sex
857 1127 1014 1186 linearum
1036 1128 1175 1202 spatium
1197 1129 1374 1203 explentem
1396 1130 1469 1188 ante
1490 1147 1537 1204 ep.
1552 1130 1601 1187 VI.

484 1225 590 1284 tasin
610 1226 677 1285 cod.
695 1243 768 1301 pag.
785 1224 857 1301 164,
879 1222 918 1284 οὐ
937 1223 1031 1284 λείπει
1048 1221 1094 1291 ὡς
1113 1222 1199 1302 οἶμαι
1220 1227 1259 1302 (Α
1274 1243 1375 1302 marg.
1390 1231 1451 1286 ext.
1466 1225 1499 1296 ζι
1514 1225 1603 1302 scr.);

423 1323 455 1397 3)
481 1324 629 1382 lacunam
651 1326 770 1399 septem
792 1324 948 1383 linearum
970 1325 1044 1382 ante
1064 1341 1113 1398 ep.
1134 1325 1186 1382 VI.
1210 1324 1267 1384 158
1288 1324 1320 1382 in
1343 1326 1411 1384 eod.
1437 1343 1508 1400 pag.
1532 1324 1601 1398 168,

484 1420 507 1480 C
529 1422 694 1480 annotavit
716 1419 750 1490 ζι
769 1418 850 1480 σιί44
871 1418 983 1480 ἕνδεκα
1007 1419 1079 1498 (pro
1100 1420 1193 1498 ἔπεα,
1217 1422 1345 1497 opinor,
1369 1421 1502 1498 errore).

422 1517 454 1594 4)
481 1519 629 1577 lacunam
651 1519 748 1577 trium
769 1519 927 1578 linearum
948 1519 1030 1577 inter
1051 1519 1290 1594 epigrammatis
1311 1520 1347 1578 V.
1371 1520 1389 1578 4
1412 1519 1549 1594 primum
1570 1536 1603 1577 ac

483 1617 658 1676 secundum
676 1617 833 1676 distichon
854 1617 887 1675 in
906 1617 973 1676 cod.
993 1635 1065 1692 pag.
1081 1617 1134 1689 88;
1158 1635 1245 1676 nunc
1264 1618 1389 1676 veroin
1408 1617 1476 1675 cod.
1494 1616 1603 1675 lacuna

482 1715 626 1789 expletur
653 1715 789 1773 disticho
817 1715 958 1774 secundo
986 1733 1023 1774 ac
1050 1716 1143 1774 tertio
1168 1715 1310 1774 eiusdem
1332 1715 1603 1791 epigrammatisa

482 1830 579 1872 mauu
604 1813 625 1872 J
647 1812 800 1885 exaratis;
829 1828 899 1886 quo
915 1813 1051 1888 facturn,
1082 1815 1118 1872 ut
1139 1814 1233 1872 iidem
1257 1831 1371 1872 versus
1391 1813 1440 1871 bis
1461 1813 1604 1886 deinceps

482 1911 514 1969 in
537 1911 605 1970 cod.
628 1911 777 1985 legantur
798 1909 863 1986 1³⁰).

422 2008 481 2066 Vix
498 2008 638 2068 dubitari
655 2010 775 2083 potest,
796 2008 874 2082 quin
891 2008 1041 2067 omnibus
1058 2010 1211 2082 quattuor
1225 2008 1302 2068 locis
1319 2025 1471 2067 versuum
1487 2006 1604 2066 ordinis

381 2105 575 2165 intermissio
592 2106 831 2182 epigrammatis
849 2106 1016 2165 cuiusdam
1036 2106 1147 2165 remoti
1164 2106 1205 2165 sit
1220 2107 1382 2165 indicium.
1407 2106 1604 2179 Quamquam

382 2204 495 2263 lacuna
513 2205 560 2279 4³,
582 2207 729 2279 quaeest
748 2204 780 2262 in
799 2201 914 2262 medio
933 2205 1177 2280 epigrammate,
1199 2205 1273 2263 huic
1291 2204 1466 2263 sententiae
1482 2204 1605 2262 obstare

383 2301 517 2360 videtur.
556 2302 663 2360 Huius
685 2319 761 2361 vero
781 2302 915 2360 lacunae
936 2303 1053 2360 mirum
1076 2288 1252 2361 locum'me
1271 2303 1356 2362 infra
1377 2303 1605 2377 explicaturum

382 2416 452 2458 esse
472 2399 643 2458 lectoribus
664 2400 824 2474 promitto.
849 2401 984 2459 Necesse
1005 2403 1111 2460 autem
1133 2403 1198 2476 est,
1222 2404 1258 2459 ut
1279 2401 1511 2460 constituamus
1532 2399 1606 2457 sori·

382 2495 456 2554 barn
477 2496 503 2553 Α
525 2513 588 2554 non
611 2497 717 2570 ipsum
739 2496 860 2554 exiliis
881 2498 958 2556 locis
980 2498 1177 2574 epigramma
1199 2497 1361 2571 quoddam
1375 2496 1603 2570 eliminavisse,

382 2594 439 2652 sed
460 2611 496 2652 ea
517 2594 580 2652 iam
597 2593 758 2653 eliminata
776 2594 938 2654 invenisse
955 2595 987 2653 in
1005 2596 1127 2669 codice,
1153 2612 1217 2669 quo
1234 2611 1315 2654 usus
1334 2595 1388 2667 sit;
1411 2611 1486 2653 nam
1504 2593 1606 2652 scriba

383 2692 407 2750 C
438 2692 579 2750 indicare
609 2709 674 2750 non
705 2693 824 2768 potuit,
849 2694 1022 2768 ‚quodnam
1054 2711 1182 2768 quoque
1212 2694 1280 2752 loco
1308 2691 1519 2751 intercidisset
1545 2691 1607 2764 epi·

382 2806 527 2865 gramma
547 2788 697 2865 (fortasse
713 2791 906 2851 sumendum
925 2795 972 2851 est
990 2793 1173 2866 librarium,
1197 2791 1253 2866 qui
1271 2791 1408 2850 codicem
1425 2786 1489 2864 131),
1513 2805 1605 2862 quem

383 2888 461 2947 Cin
483 2889 676 2948 correctione
696 2889 876 2965 adhiberet,
900 2891 1096 2965 exaraverit,
1120 2891 1267 2949 lacunam
1290 2887 1493 2964 neglexisse).

422 2986 618 3060 Itaqueiam
640 2991 713 3046 ante
734 2988 872 3047 codicem
895 2988 1075 3048 Palatinum
1097 2988 1313 3062 conscriptum
1335 2990 1431 3061 atque
1449 2987 1527 3046 adeo
1541 2986 1606 3044 -iam

382 3086 455 3142 ante
476 3084 615 3159 codiceS,
640 3085 758 3159 quibus
780 3087 805 3144 A
826 3088 856 3144 et
878 3086 902 3145 O
924 3086 975 3145 usi
997 3089 1089 3161 sunt,
1114 3089 1261 3145 exaratos
1282 3103 1321 3144 ex
1342 3085 1606 3161 epigrammatum

382 3181 464 3240 serie
484 3181 545 3240 illis
567 3185 719 3256 quattuor
739 3184 816 3242 locis
837 3185 1033 3259 epigramma
1055 3184 1216 3259 quoddam
1238 3183 1368 3242 evanuit
1386 3181 1424 3243 in
1443 3178 1574 3241 Actiaci
1595 3213 1606 3222 ·

381 3277 462 3356 piac
486 3277 702 3355 Cephatacae
725 3283 864 3355 quodam
887 3282 1008 3357 codice,
1039 3299 1078 3340 ex
1100 3299 1164 3356 quo
1186 3281 1402 3356 manuscripta
1425 3281 1465 3339 ab
1486 3281 1511 3338 A
1532 3283 1561 3337 et
1582 3278 1605 3338 O

382 3381 537 3451 usurpata
551 3378 694 3436 derivata
710 3381 796 3438 sunt.
821 3380 889 3438 lam
905 3380 1080 3454 quaeritur,
1103 3396 1181 3438 num
1196 3379 1298 3438 fuisse
1312 3379 1458 3439 videatur
1471 3376 1602 3450 occasio,

382 3492 445 3549 qua
467 3492 505 3532 ex
528 3473 726 3551 Cephalum
747 3474 963 3553 Antholopia
984 3478 1214 3553 epigrammata
1232 3477 1352 3551 aliquot
1370 3478 1601 3535 exsecarentur.

423 3574 648 3633 Demonstrare
675 3577 809 3633 conatus
838 3592 910 3632 sum
940 3572 1020 3650 §94
1050 3576 1280 3651 epigrammata
1308 3574 1345 3632 31
1376 3574 1473 3632 variis
1500 3572 1604 3632 metris

382 3671 577 3747 conscripta,
608 3689 691 3746 quae
722 3671 881 3731 Stratonis
909 3672 1036 3731 Musam
1067 3673 1223 3732 Puerilem
1253 3670 1328 3748 (ΑΡ.
1350 3669 1425 3746 ΧΠ)
1448 3671 1482 3728 in
1504 3669 1604 3730 codice

383 3769 526 3828 Palatino
563 3774 822 3847 consequantur,
864 3773 935 3846 post
972 3771 1144 3846 Cephalam
1180 3771 1309 3830 demum
1345 3787 1384 3828 ex
1419 3767 1605 3842 Anthologia

415 3999 462 4062 130)
496 4002 622 4051 Pluresne
645 4004 699 4052 sint
722 4005 833 4053 lacunae
856 4004 883 4052 in
908 4004 958 4053 ΑΡ,
982 4019 1063 4068 quam
1083 4008 1212 4067 quattuor
1230 4003 1291 4052 illae
1309 4003 1404 4052 nescio.
1430 3999 1481 4052 Sed
1501 4002 1542 4052 vel
1560 4002 1606 4050 hae

383 4091 470 4134 nostro
489 4087 549 4135 usui
568 4086 712 4137 sufficiunt.
1372 4081 1373 4084 Ἴ

415 4167 461 4231 131)
496 4171 592 4220 Scribis
612 4173 707 4222 codicis
725 4173 838 4222 Palatini
857 4176 933 4237 plura
951 4174 1126 4236 Anthologiae
1144 4172 1310 4236 Cephalanae
1328 4172 1489 4235 exemplaria
1507 4175 1607 4236 praesto

381 4259 464 4302 erant.
489 4255 517 4303 ln
537 4256 640 4318 septimi
658 4256 718 4305 libri
736 4259 897 4306 correctione
915 4257 934 4307 G
954 4272 1005 4306 non
1025 4258 1114 4306 minus
1131 4271 1212 4320 quam
1231 4257 1317 4306 tribus
1335 4257 1456 4319 deinceps
1475 4271 1539 4304 usus
1555 4262 1607 4314 est,

381 4353 494 4400 quorum
513 4339 629 4401 primurn
648 4340 700 4388 luit
717 4342 851 4404 exemplar
868 4342 1005 4391 Michaelis
1023 4337 1237 4405 Χαρτοφύλακος
1256 4355 1275 4390 s.
1293 4341 1453 4403 Archivarii,
1477 4341 1525 4404 qui
1542 4344 1606 4389 teste

382 4428 444 4470 nota
470 4421 628 4472 Correctoris
654 4425 709 4473 cod.
736 4441 758 4488 p.
785 4424 835 4474 273
861 4427 892 4475 ad
919 4441 958 4489 ep.
984 4426 1037 4476 vll.
1065 4426 1113 4475 432
1139 4421 1322 4490 ἐπιγράμματα
1348 4461 1353 4472 .
1374 4461 1379 4472 .
1399 4461 1404 4471 .
1426 4461 1431 4472 .
1459 4421 1605 4489 ι’ὂιοχείρως

380 4502 459 4560 αὐτὸς
476 4503 592 4571 ἔγραψεν
609 4503 639 4556 ἐκ
658 4511 704 4571 τῆς
720 4506 815 4572 βίβλου
833 4514 879 4559 τοῦ
898 4507 1011 4574 Κεφαλᾶ
1027 4511 1071 4578 (cl.
1090 4510 1202 4560 Stadtm.
1221 4511 1243 4559 ll
1263 4526 1286 4574 p.
1303 4511 1370 4571 llll).
1390 4511 1418 4558 lu
1437 4515 1511 4559 sexto
1528 4510 1607 4572 igitur

380 4590 446 4639 libro
464 4592 629 4640 emendando
644 4591 663 4641 G
679 4594 770 4643 eodem
786 4595 873 4644 codice
889 4610 967 4644 usum
984 4611 1055 4658 esse,
1073 4610 1126 4659 qno
1142 4595 1177 4658 A,
1195 4596 1356 4644 constituere
1371 4609 1422 4644 non
1439 4609 1546 4644 necesse
1560 4597 1605 4642 est.

381 4675 446 4724 Mihi
464 4690 524 4724 vero
542 4691 647 4738 prorsus
665 4693 718 4726 non
736 4684 837 4728 certum
855 4684 896 4728 est
913 4695 974 4729 eum
994 4681 1145 4730 adhibuisse
1164 4681 1189 4729 in
1207 4681 1255 4728 hoc
1270 4694 1376 4743 quoque
1392 4680 1459 4729 libro
1474 4679 1606 4730 Michaelis

381 4760 515 4824 exemplar
532 4758 612 4824 (quae
631 4761 813 4812 Stadtmiilleri
832 4765 919 4828 opinio
936 4771 977 4815 est
994 4765 1005 4814 I
1024 4781 1046 4829 p.
1065 4763 1119 4826 Vl).
