3516 5712
392 527 468 607 cap.
493 529 561 607 111,
587 529 634 591 19.
967 527 1023 590 142

434 715 514 778 Tria
531 735 602 793 epp.
624 718 727 793 prima
745 718 896 794 leguntur
914 718 946 776 in
967 718 1088 794 sylloge
1105 718 1372 794 epigrammatum
1390 717 1428 778 34
1446 719 1615 780 maximam

390 819 511 892 partem
534 833 573 874 ex
593 817 720 874 Anthol.
744 815 954 875 Planudea
975 818 1213 891 excerptorum,
1239 818 1374 891 quaein
1396 819 1514 877 codicis
1529 819 1613 878 Paia-

389 915 447 973 4454
477 914 561 972 foliis
592 915 744 988 quattuor
776 914 908 988 primiS,
944 931 1000 973 sex
1030 914 1157 990 paginis
1191 913 1244 990 (ci.
1282 914 1416 974 Stadtm.
1449 917 1465 975 Ι
1497 935 1528 992 p.
1552 918 1612 991 VI,

389 1012 508 1072 Jacobs
536 1011 597 1071 ΑΡ.
619 1013 680 1070 vol.
705 1012 756 1070 III
784 1030 814 1086 p.
840 1009 871 1088 5)
902 1029 920 1070 a
942 1012 1047 1072 scriba
1068 1012 1180 1071 ceteris
1201 1013 1345 1087 quinque
1366 1013 1483 1072 codicis
1505 1014 1615 1073 scribis

390 1111 563 1169 recentiore
579 1111 709 1170 exarata
726 1111 784 1168 est.
810 1110 987 1169 Praeeunte
1005 1109 1232 1169 Stadtmiillero
1250 1112 1333 1169 hanc
1350 1112 1493 1186 syllogen
1511 1112 1615 1170 notavi

390 1209 482 1284 signo
503 1205 553 1266 Σπ
572 1206 625 1285 (54.
651 1205 671 1285 §
694 1205 759 1284 95).

430 1307 479 1364 Ex
501 1306 631 1380 reliquis
652 1305 890 1381 epigrammatis
908 1304 1135 1382 septuaginta
1152 1305 1184 1364 in
1204 1306 1311 1365 codice
1328 1307 1473 1366 Palatino
1491 1308 1615 1384 5544555

391 1402 454 1481 (vel
484 1420 621 1478 nonem,
657 1404 684 1461 si
715 1420 786 1478 epp.
811 1404 863 1462 VI.
897 1403 954 1462 445
982 1406 1012 1461 54
1040 1404 1095 1462 ΙΧ.
1128 1403 1186 1463 758
1214 1402 1471 1481 comprehendis)
1502 1422 1614 1463 nomen

391 1503 564 1563 Simonidis
586 1502 742 1560 adiectum
766 1518 829 1561 non
852 1502 979 1561 habent.
1026 1502 1099 1560 Tria
1121 1518 1192 1577 epp.
1213 1503 1284 1560 VII.
1308 1502 1383 1576 257,
1407 1502 1480 1578 347,
1506 1502 1563 1562 677
1583 1503 1614 1560 45

390 1598 539 1675 Meleagri
566 1601 621 1658 aut
650 1599 807 1673 Cephalae
834 1599 977 1658 fontibus
1005 1615 1044 1656 55
1070 1597 1199 1657 nomine
1226 1601 1339 1657 ornata
1367 1599 1468 1657 fuisse
1494 1601 1616 1657 constat

391 1696 444 1773 (cf.
477 1695 497 1775 ᾖ
526 1695 590 1772 82).
629 1697 688 1772 Ep.
712 1697 783 1755 VII.
815 1696 873 1755 347
903 1695 956 1773 (=
984 1696 1223 1757 Corinthiacum
1251 1714 1299 1771 ep.
1325 1696 1379 1771 98,
1411 1697 1444 1754 in
1466 1699 1555 1755 textu
1578 1695 1613 1772 S)

389 1798 463 1854 ante
492 1793 755 1854 Stadtmiillerum
783 1794 876 1852 etiam
905 1794 938 1852 in
966 1794 1029 1852 ΑΡ.
1053 1793 1171 1852 instrui
1192 1794 1421 1876 perhibebatur
1444 1794 1615 1854 Simonidis

390 1893 532 1967 nomine,
563 1892 650 1965 quod
678 1893 710 1950 in
734 1891 805 1951 Gor.
831 1891 901 1950 Mel.
927 1892 1124 1950 Favorinum
1145 1891 1307 1950 invenisse
1329 1891 1468 1951 vidimus
1492 1889 1527 1968 (ἓ
1550 1890 1613 1967 53).

389 1991 443 2049 Vir
471 1992 508 2050 cl.
537 1993 643 2048 autem
672 1989 896 2048 animadvertit
924 1989 1068 2064 titulum,
1100 1989 1156 2064 qui
1178 1989 1262 2066 post
1282 1989 1478 2065 epigramma
1501 1990 1617 2064 partim

389 2090 441 2148 cis'
466 2088 642 2164 marginem
674 2089 791 2162 partim
822 2089 855 2146 in
888 2087 1032 2163 margine
1063 2087 1187 2162 positus
1218 2087 1275 2161 sit,
1311 2088 1470 2162 pertinere
1497 2087 1537 2146 ad
1565 2104 1614 2162 ep.

389 2205 527 2262 sequens
551 2185 635 2262 (VII.
650 2183 740 2260 348),
765 2186 892 2244 titulum
916 2203 1008 2260 vero,
1033 2186 1088 2259 qui
1110 2202 1226 2244 rursus
1247 2187 1320 2260 post
1341 2186 1400 2244 hoc
1421 2185 1617 2261 epigramma

389 2287 434 2345 cis
456 2286 633 2361 marginem
655 2286 794 2360 legatur,
820 2284 977 2360 respicere
997 2301 1046 2359 ep.
1061 2285 1132 2344 VII.
1157 2283 1229 2358 349;
1254 2301 1318 2358 555
1340 2285 1476 2360 iactum,
1501 2287 1537 2343 ut
1558 2285 1618 2343 hoc

389 2403 437 2460 ep.
468 2383 555 2459 apud
588 2382 761 2458 Bergkium
793 2381 876 2440 inter
909 2381 1091 2441 Simonidea
1119 2382 1263 2440 nondum
1291 2384 1385 2441 extet.
1419 2383 1483 2441 Nec
1511 2385 1616 2441 tamen

390 2483 572 2558 negaverim
604 2482 636 2538 in
669 2480 794 2539 Anthol.
828 2479 924 2555 Ceph.
960 2479 1159 2539 Simonideos
1190 2480 1299 2538 titulos
1331 2481 1371 2540 ad
1403 2480 1510 2555 priora
1543 2497 1613 2554 epp.

391 2580 475 2657 (VII.
511 2580 569 2639 347
599 2577 664 2654 55.)
698 2578 900 2653 pertinuisse.
935 2578 1061 2636 Etenim
1093 2595 1210 2653 magna
1242 2579 1274 2637 45
1307 2580 1367 2638 555
1398 2578 1515 2636 codicis
1547 2578 1613 2636 Pal.

390 2679 506 2754 pagina
530 2675 616 2754 (257)
639 2679 687 2735 est
709 2677 873 2735 titulorum
895 2676 1057 2750 confusio,
1081 2677 1120 2734 cf.
1148 2674 1166 2753 ξ
1190 2675 1237 2734 92.

429 2778 536 2837 Unum
551 2793 599 2850 ep.
611 2776 664 2834 VI.
678 2774 736 2833 343
752 2790 770 2833 a
787 2773 863 2832 viris
878 2773 978 2832 doctis
995 2773 1185 2832 Simonideis
1200 2773 1415 2834 adiudicatum
1431 2777 1492 2850 est,
1515 2791 1616 2832 unum

389 2876 443 2933 IX.
473 2874 529 2932 147
557 2874 643 2949 apud
671 2873 846 2932 Planudem
867 2871 996 2931 demum
1020 2872 1202 2931 Simonidea
1224 2873 1411 2931 auctoritate
1432 2873 1613 2931 instruitur.

428 2973 487 3047 Ep.
519 2973 573 3030 IX.
607 2973 663 3031 757
695 2970 844 3030 ‘auctoris
875 2970 979 3029 indice
1009 2973 1110 3044 caret,
1145 2971 1260 3029 lemma
1288 2970 1448 3046 inceptum
1478 2969 1524 3029 εἰσ
1552 2988 1615 3029 555

388 3070 585 3130 continuavit
618 3067 655 3127 B'
687 3065 942 3145 (Stadtmiiller),
974 3068 1101 3142 respicit
1131 3086 1206 3126 vero
1234 3069 1275 3126 ad
1303 3069 1430 3128 titulum
1459 3069 1615 3128 omissum

389 3168 551 3243 sequentis
572 3155 810 3242 epigrammatis
833 3167 887 3224 IX.
910 3166 968 3224 758
989 3166 1101 3224 4445455
1123 3169 1177 3225 τοῦ
1199 3164 1306 3225 αὐτοῦ.
1339 3167 1420 3226 Cum
1442 3170 1616 3242 utrumque

388 3267 584 3341 epigramma
601 3265 697 3338 idque
715 3265 747 3322 in
766 3264 923 3338 capitibus
938 3263 1091 3338 diversis,
1112 3263 1191 3322 illud
1206 3252 1272 3322 IV2.
1288 3263 1307 3322 6
1322 3262 1379 3339 (εἷς
1393 3262 1612 3342 ζωγράφους),

388 3365 422 3439 6,
454 3365 514 3422 555
541 3364 607 3421 474.
632 3362 671 3422 23
701 3361 758 3438 (εἰς
785 3358 925 3436 οἴκους),
959 3361 995 3421 16
1017 3379 1035 3420 5
1057 3361 1201 3420 Planude
1225 3361 1380 3420 Simonidi
1401 3363 1612 3437 attribuatur,

387 3463 513 3520 titulum
546 3461 578 3519 in
609 3460 671 3518 ΑΡ.
702 3460 858 3518 omissum
890 3461 1011 3517 certum
1046 3460 1171 3518 videtur
1198 3460 1230 3518 in
1259 3461 1367 3519 5545.Α
1387 3461 1485 3535 Ceph.
1517 3460 1616 3518 fuisse

386 3556 581 3637 2ipmrr'doc.
606 3558 677 3626 Qua
696 3558 735 3616 de
752 3574 850 3617 causa
869 3557 928 3615 hoc
945 3574 994 3631 ep.
1015 3558 1138 3616 munivi
1157 3558 1260 3634 signis
1275 3558 1334 3616 sibi
1352 3559 1521 3617 contrariis
1535 3556 1611 3634 (*§),

388 3675 526 3733 5555555
546 3675 594 3732 ep.
620 3656 771 3715 asterisco
795 3653 848 3731 (*).

430 3754 449 3833 ξ
471 3756 520 3816 85.
567 3753 617 3814 De
637 3752 709 3813 fide
729 3750 922 3812 scribarum
946 3750 1140 3812 titulorum.
1175 3753 1214 3812 In
1236 3753 1438 3828 quaestione,
1464 3755 1614 3834 quaeest

387 3855 426 3913 de
453 3854 517 3912 fide
537 3870 665 3926 eorum,
697 3851 752 3925 qui
773 3852 805 3908 in
828 3850 896 3909 eod.
922 3851 988 3909 Pal.
1011 3851 1251 3926 epigrammatis
1272 3851 1381 3909 titulos
1403 3850 1610 3925 addiderunt,

387 3951 553 4011 tractanda
585 3951 644 4008 hoc
674 3949 847 4007 tenendum
874 3951 923 4006 est
951 3948 1043 4006 nobis
1072 3966 1158 4006 nunc
1186 3949 1313 4024 quaeri,
1348 3966 1426 4007 num
1454 3949 1612 4025 integrum

387 4050 552 4108 tradiderit
569 4048 674 4107 scriba
692 4047 930 4122 epigrammatis
949 4050 1127 4120 auctorem,
1149 4064 1244 4120 quem
1259 4047 1422 4122 exemplar
1437 4047 1613 4106 subiectum

387 4148 557 4206 exhiberet.
592 4146 662 4215 Qua
689 4163 761 4204 cum
787 4145 974 4219 quaestione
996 4162 1058 4203 non
1081 4144 1306 4203 confundenda
1327 4148 1376 4203 est
1397 4178 1434 4186 —
1456 4146 1542 4219 quod
1565 4144 1612 4202 hic

387 4244 449 4301 iilic
471 4244 540 4300 fieri
563 4243 651 4301 vides
674 4278 710 4284 -
733 4243 848 4318 altera,
873 4245 1023 4317 quaeest
1045 4243 1084 4300 dc
1105 4243 1168 4301 fide
1189 4243 1271 4301 tituli
1292 4243 1404 4317 ipsius

430 4342 615 4401 Scribarum
637 4343 734 4417 fides,
763 4343 891 4417 opinor,
921 4359 1098 4416 numquam
1119 4341 1151 4398 45
1174 4341 1307 4399 dubium
1331 4344 1441 4400 vocata
1463 4345 1562 4417 esset,
1586 4341 1611 4398 si

386 4440 468 4499 tituli
497 4457 623 4514 semper
650 4440 677 4497 ei
705 4439 898 4498 deberentur
926 4440 1055 4514 manui,
1091 4456 1173 4513 quae
1201 4439 1328 4514 scripsit
1356 4441 1479 4498 textum
1508 4441 1610 4515 ipsum

402 4538 444 4613 A,
477 4539 513 4611 d,
550 4538 592 4612 B,
627 4539 666 4596 54.
700 4538 835 4596 Stadtm.
867 4538 881 4595 l
915 4555 945 4612 p.
975 4534 1043 4612 VI).
1084 4538 1227 4596 Fuerunt
1260 4537 1318 4594 viri
1350 4537 1432 4596 docti
1454 4536 1525 4615 104>),
1559 4538 1613 4612 554

389 4685 548 4692 ..—

421 4759 467 4824 105)
502 4763 555 4825 Eg.
580 4760 624 4812 *G.
649 4763 749 4811 4455455
773 4763 798 4811 45
825 4763 890 4810 libro
908 4759 1047 4811 ‘iiritische
1067 4762 1308 4824 Uetersurhungen
1329 4777 1376 4810 zur
1393 4761 1552 4812 (4555545545
1568 4762 1612 4811 der

386 4863 424 4912 gr.
448 4847 537 4897 Α545.’
561 4844 632 4909 (diss
657 4847 752 4896 Ziirich
768 4845 853 4910 4876).
881 4847 989 4897 Librum
1007 4848 1062 4911 ipse
1080 4847 1216 4911 acquirere
1235 4863 1287 4898 uon
1305 4848 1394 4912 potui,
1417 4849 1464 4898 sed
1483 4850 1530 4900 viri
1547 4848 1612 4898 docti
