3516 5712
410 556 487 634 cap.
512 557 580 634 111,
604 557 639 634 2,
663 555 692 618 a.
1003 557 1042 618 aa

450 746 509 820 Ep.
534 745 573 804 92
595 745 681 821 apud
703 746 888 822 Lycurgum
909 745 1026 822 legitur
1046 746 1079 804 in
1101 747 1204 806 forma
1226 747 1351 806 diversa
1373 746 1413 805 ab
1436 747 1629 823 Herodotea,

409 860 506 917 quam
532 845 706 919 genuinam
732 861 804 902 esse
830 844 896 902 dixi
926 841 970 921 ἐξ
1001 843 1053 919 18,
1083 844 1139 920 42,
1168 861 1272 919 neque
1299 847 1346 903 est
1367 844 1511 904 additum
1536 845 1631 905 Simo·

410 942 493 1000 nidis
515 960 641 1002 nomen.
666 941 846 1000 Herodotea
868 942 972 1000 audit:
1065 940 1070 948 ’

589 1035 617 1098 ὦ
639 1037 732 1109 ξεῖν’
756 1036 968 1116 ἀγγέλλειν
988 1035 1254 1117 Λακεδαιμονίοις
1276 1038 1321 1099 ὅτι
1341 1035 1415 1119 τῇδε

628 1135 763 1214 κείμεθα
784 1140 847 1202 τοῖς
868 1134 982 1196 κείνων
1003 1135 1155 1216 ῥήμασι
1184 1135 1444 1215 πειθόμενοι,

409 1236 574 1312 Lycurgea
595 1238 718 1310 autem,
747 1235 917 1310 quaesere
938 1235 1085 1293 convenit
1106 1252 1179 1294 cum
1201 1235 1347 1310 Ephorea
1371 1234 1476 1311 (Diod.
1503 1237 1557 1295 XI.
1581 1235 1630 1313 33)

408 1336 504 1408 atque
527 1333 740 1392 Straboniana
763 1330 832 1408 (IX.
857 1332 885 1390 4.
912 1331 949 1392 16
970 1347 1000 1407 p.
1025 1330 1114 1408 429):

588 1428 617 1491 ὦ
638 1430 726 1501 ξένε
747 1429 937 1508 ἄγγειλον
960 1427 1224 1507 Λακεδαιμονίοις
1245 1429 1290 1491 ὅτι
1311 1427 1384 1510 τῇδε

626 1528 761 1608 κείμεθα
783 1532 846 1597 τοῖς
866 1529 981 1590 κείνων
1000 1528 1246 1607 πειθόμενοι
1273 1528 1474 1608 νομίμοις.

408 1630 492 1689 Ηαίο
512 1629 634 1688 formae
655 1647 713 1688 cur
734 1646 807 1688 curn
829 1629 967 1688 Diodoro
988 1631 1084 1703 atque
1108 1628 1266 1688 Strabone
1286 1629 1394 1703 —qui
1415 1629 1511 1688 habet
1527 1624 1555 1688 α’)
1570 1627 1629 1698 ξέν’

407 1725 610 1804 ἀπάγγειλον
631 1760 670 1769 -
691 1729 802 1787 contra
824 1727 1064 1803 Lycurgeorum
1086 1726 1231 1785 codicum
1250 1727 1468 1786 auctoritatem
1486 1723 1529 1804 (ὦ
1545 1725 1629 1802 ξεῖν’)

405 1825 571 1884 tribuerim
599 1825 764 1885 lectionem
793 1821 821 1884 ὦ
850 1824 934 1901 ξένε,
965 1823 1131 1900 apparebit
1159 1824 1253 1883 inira.
1288 1825 1393 1883 Tertia
1415 1825 1544 1885 accedit.
1569 1826 1628 1883 ΑΡ.

406 1923 477 1982 VII.
501 1923 560 1982 249
584 1922 687 2000 (Plan.
712 1925 742 1982 et
763 1924 853 1982 Lasc.
878 1924 921 1982 lr.
931 1920 954 1998 ¹)
977 1923 1174 1999 epigramma
1196 1922 1325 1997 praebet
1347 1923 1407 1981 sic:

586 2017 615 2080 α’)
637 2019 729 2090 ξεῖν’
754 2019 944 2098 ἄγγειλον
964 2017 1231 2097 Λακεδαιμονίοις
1252 2018 1297 2079 ὅτι
1317 2018 1391 2099 τῇδε

588 2113 592 2119 ’
624 2116 759 2196 κείμεθα
780 2122 843 2185 τοῖς
863 2116 977 2178 κείνων
999 2116 1152 2197 ῥήμασι
1179 2115 1433 2192 πειθόμενοι.

406 2216 495 2285 Quae
539 2218 621 2276 inter
662 2219 727 2275 tres
768 2217 838 2275 illas
874 2217 994 2275 formas
1034 2217 1174 2276 obtineat
1209 2216 1338 2292 relati0,
1375 2216 1519 2275 nondum
1556 2217 1630 2276 satis

405 2317 552 2374 accurate
585 2315 813 2390 investigatum
848 2331 919 2372 esse
954 2314 1100 2387 videtur;
1136 2315 1229 2373 tertia
1261 2332 1279 2374 a
1311 2315 1473 2389 prioribus
1505 2315 1630 2374 duabus

404 2413 535 2470 omnino
570 2430 633 2470 non
669 2415 717 2471 est
752 2413 904 2472 seiuncta.
949 2412 1138 2471 Formarum
1170 2415 1276 2471 autem
1308 2413 1507 2471 Herodoteae
1538 2415 1631 2487 atque

405 2511 589 2586 Lycurgeae
607 2511 687 2570 ratio
701 2511 875 2585 quominus
890 2511 1152 2585 const'tueretur,
1177 2528 1213 2569 ea
1229 2528 1279 2570 res
1294 2511 1450 2586 imprimis
1465 2511 1627 2586 obstabat,

405 2608 491 2681 quod
522 2607 712 2668 Strabonem
740 2611 983 2668 monumentum
1008 2609 1114 2684 ipsum
1137 2609 1255 2667 vidisse
1276 2609 1433 2683 putabant
1454 2609 1515 2667 viri
1537 2609 1626 2667 docti.

404 2706 496 2765 Unde
516 2706 597 2765 mira
618 2708 687 2765 orta
709 2709 786 2765 sunt
807 2709 983 2767 commenta
1005 2706 1044 2764 de
1058 2709 1265 2765 monumento
1280 2709 1475 2782 restaurat0,
1500 2708 1533 2765 in
1549 2725 1626 2781 quc,

404 2822 477 2863 oum
504 2805 537 2862 id
569 2805 772 2880 geographus
804 2805 996 2881 aspexisset,
1031 2821 1114 2862 nova
1146 2821 1300 2863 versuum
1331 2805 1433 2863 forma
1459 2805 1625 2880 legeretur.

405 2901 537 2961 Constat
569 2907 675 2962 autem
713 2903 902 2963 Strabonem
935 2904 1060 2961 tantum
1091 2902 1217 2962 dedisse
1252 2902 1488 2962 annotationem
1514 2903 1628 2962 littera·

404 2999 484 3058 riam
507 2999 560 3076 (ci.
587 2998 606 3077 ἕ
629 2999 693 3077 46).

443 3099 535 3156 Ναοο
562 3099 653 3158 facile
679 3102 824 3159 textuum
853 3100 995 3159 condicio
1017 3097 1145 3158 definiri
1166 3099 1279 3173 potest.
1305 3096 1545 3156 Nobilissimum
1567 3096 1628 3170 epi-

403 3212 548 3271 gramma
566 3197 790 3272 pervulgatum
801 3200 869 3257 erat
883 3198 916 3255 in
931 3197 1098 3257 hominum
1112 3214 1167 3255 ore
1181 3198 1291 3272 atque,
1308 3197 1344 3254 ut
1359 3194 1452 3271 solet,
1466 3194 1629 3254 enuntiata

403 3295 581 3353 difficiliora
609 3297 715 3354 textus
743 3296 903 3371 primarii,
935 3313 1030 3370 quern
1059 3295 1242 3353 Herodotus
1264 3293 1357 3353 nobis
1378 3293 1519 3352 servavit
1541 3290 1625 3368 (ΑΙ),

402 3392 513 3450 cedere
557 3393 737 3452 debuerunt
773 3393 1018 3469 simplicioribus
1056 3391 1140 3470 (Altz
1177 3411 1235 3468 pro
1267 3389 1423 3469 ἀγγέλλειν
1451 3391 1628 3466 ponebatur

402 3487 559 3567 ἄγγειλον,
599 3509 656 3566 pro
695 3489 813 3569 ῥήμασι
851 3487 1036 3569 πειθόμενοι
1074 3491 1221 3550 dicebant
1254 3486 1439 3567 πειθόμενοι
1470 3487 1624 3567 νομίμοις.

402 3588 651 3664 Epigrammatis
673 3589 855 3664 exordium,
881 3591 966 3663 quod
988 3593 1080 3666 poeta
1095 3590 1225 3649 dederat
1240 3589 1391 3664 quodque
1406 3588 1627 3664 proculdubio

401 3685 434 3744 in
456 3687 560 3762 lapide
579 3687 744 3763 legebatur
765 3683 794 3746 ὦ
815 3687 904 3757 ξένε
925 3685 1098 3765 ἀγγέλλειν,
1124 3688 1285 3746 Herodoto
1307 3687 1414 3745 ionice
1435 3686 1512 3745 dare
1527 3686 1626 3761 peria-

401 3785 459 3843 cile
488 3787 557 3845 erat
590 3781 632 3861 (ὦ
664 3781 736 3854 ξεῖν’
767 3782 870 3862 ἄγγ.),
904 3785 936 3843 id
964 3785 1051 3860 apud
1080 3785 1287 3844 Athenienses
1317 3784 1468 3843 nimirum
1491 3781 1520 3844 ὦ
1542 3782 1627 3853 ξένε

401 3881 544 3961 ἄγγειλον
558 3901 631 3942 cum
646 3884 735 3943 hiatu
749 3883 914 3960 audiebat,
933 3885 968 3942 ut
983 3901 1094 3942 revera
1106 3885 1265 3943 testantur
1277 3880 1435 3941 Diodorus
1448 3879 1625 3958 (Ephorus)

400 3983 430 4039 et
454 3981 586 4056 Strab0,
611 3981 667 4056 qui
688 3982 795 4040 hiatus
810 3981 994 4039 eliminandi
1009 3999 1106 4040 causa
1123 3981 1220 4039 verbo
1234 3980 1501 4056 praepositionem
1516 3980 1627 4039 adiecit

403 4075 445 4154 (ὦ
467 4077 542 4148 ξέν’
561 4076 787 4156 ἀπάγγειλον).
806 4080 875 4138 Hac
886 4078 926 4136 de
937 4096 1033 4138 causa
1046 4079 1229 4155 Lycurgeos
1241 4078 1363 4138 codices
1375 4077 1491 4138 iniuria
1503 4078 1628 4137 tradere

401 4178 478 4250 puto
499 4171 527 4234 ὠ
550 4173 635 4245 ξεῖν’,
650 4176 736 4250 quod
751 4176 914 4251 archetypi
931 4175 1082 4234 librarius
1098 4193 1219 4234 memor
1234 4175 1404 4234 Herodotei
1419 4173 1479 4234 loci
1494 4175 1626 4234 celeber-

401 4273 471 4330 rimi
500 4273 682 4348 reposuisse
709 4273 852 4349 videtur,
884 4273 1153 4348 quemadmodum
1181 4273 1292 4348 optimi
1320 4272 1436 4331 codicis
1465 4273 1576 4331 Dionei
1597 4273 1626 4330 M

401 4371 504 4430 scriba
532 4371 565 4429 in
593 4371 749 4429 consimili
777 4371 907 4430 exordio
935 4371 1172 4447 epigrammatis
1201 4369 1240 4429 96
1263 4365 1291 4428 ὦ
1314 4367 1386 4439 ξεῖν’
1411 4366 1549 4446 εὔυδρον
1570 4387 1627 4445 pro

401 4466 483 4544 ξένε,
508 4468 594 4543 quod
616 4469 710 4529 ceteri
732 4469 822 4528 codd.
847 4470 982 4544 habent,
1007 4469 1179 4543 scripserat
1202 4466 1255 4544 (cf.
1282 4465 1301 4544 ξ
1325 4465 1388 4543 34).
1420 4469 1626 4544 Epigramma

399 4567 431 4624 in
460 4567 563 4626 forma
589 4566 630 4625 A*
657 4585 758 4642 eaque
785 4586 946 4644 anonyma
967 4601 1006 4610 —
1028 4567 1074 4626 sic
1094 4568 1178 4625 enim
1201 4567 1295 4643 Lyc,
1321 4566 1430 4641 Diod,
1458 4566 1565 4626 Strab.
1593 4598 1625 4608 —

399 4665 573 4740 unicuique
600 4669 667 4724 erat
695 4666 850 4725 familiare
878 4669 974 4741 atque
994 4666 1064 4723 iure
1085 4682 1103 4724 a
1132 4664 1290 4724 Strabone
1310 4664 1355 4722 l.l.
1380 4661 1399 4742 ἡ
1421 4660 1625 4741 θρυλουμένη

399 4759 558 4841 ἐπιγραφὴ
581 4766 727 4836 vocatur;
751 4764 920 4838 Lycurgus
939 4780 1008 4822 eam
1028 4761 1144 4821 scilicet
1163 4761 1359 4836 versionem,
1384 4778 1457 4819 cum
1472 4762 1513 4820 ad
1528 4779 1625 4837 popu·

399 4859 465 4916 lum
493 4860 668 4919 orationem
697 4861 842 4936 haberet,
875 4861 1034 4935 recitavit,
1067 4877 1150 4934 quae
1170 4859 1371 4918 auditoribus
1393 4876 1456 4917 usu
1479 4862 1625 4936 percepta
