3572 5716
310 527 386 604 Cap.
411 526 479 604 ΙΙΙ,
504 528 552 588 33.
893 523 951 589 228
1423 527 1442 607 ξ
1467 530 1533 590 132.

308 712 620 793 ἐπιγράμμασιν.
654 715 745 774 Unde
771 715 942 792 AristideS,
974 731 1070 791 quem
1100 733 1202 790 neque
1226 715 1376 792 Syllogen
1401 718 1536 777 Simoni-

308 814 399 873 deam
431 814 560 873 novisse
589 814 727 872 vidimus
755 832 859 890 neque
886 815 955 873 eius
982 818 1167 890 excerptum
1198 813 1233 891 (ἓ
1263 814 1333 891 62),
1369 817 1537 875 rescivisse

308 912 435 971 videtur
468 911 663 971 Simonidem
693 913 726 971 in
754 913 992 989 epigrammatis
1021 912 1182 986 hominm,
1217 913 1273 987 qui
1300 913 1329 970 ei
1356 914 1535 973 celebrandi

307 1011 433 1085 essent,
468 1011 586 1086 τιμᾶν
616 1007 737 1086 μᾶλλον
768 1010 787 1088 ἢ
819 1008 1030 1080 nunidem?
1063 1010 1180 1069 Mirum
1202 1027 1239 1069 ao
1261 1010 1395 1084 simplex
1416 1013 1477 1071 hoo
1498 1014 1536 1071 de

307 1107 545 1182 epigrammatis
582 1106 755 1166 Simonidis
791 1110 839 1166 est
873 1107 1044 1180 iudicium;
1082 1107 1175 1181 quiS,
1213 1107 1366 1182 obseoro,
1406 1109 1438 1166 in
1474 1110 1535 1167 illis

309 1205 657 1280 vituperationem
686 1205 773 1264 laudi
801 1205 975 1264 admixtam
1003 1203 1239 1279 expectaverit?
1272 1205 1342 1273 Qua
1371 1206 1410 1265 de
1438 1225 1535 1266 oausa

308 1303 390 1362 hano
417 1303 607 1361 Aristideam
636 1304 778 1362 notitiam
807 1303 910 1362 refero
938 1303 978 1361 ad
1006 1302 1083 1361 illud
1109 1303 1352 1362 Aristotelis
1379 1303 1534 1364 Rhetori-

308 1416 427 1460 oorum
448 1402 542 1475 eaput
565 1398 605 1476 (I.
626 1399 674 1476 9),
704 1401 790 1475 quod
811 1401 997 1459 inscribitur
1017 1397 1089 1477 περὶ
1110 1397 1244 1478 ἀρετῆς
1265 1397 1318 1459 καὶ
1336 1393 1475 1468 ’κακίας
1496 1435 1534 1443 -

307 1514 388 1570 quas
424 1515 475 1556 res
507 1498 716 1573 philosophus
749 1499 856 1557 statim
887 1501 919 1556 in
951 1498 1080 1556 exordio
1112 1497 1186 1556 dioit
1218 1494 1359 1564 σκοποὺς
1388 1516 1459 1557 esse
1489 1503 1535 1576 τῷ

306 1593 542 1655 ἐπαινοῦντι
562 1593 616 1655 καὶ
636 1594 805 1673 ψέγοντι
827 1613 879 1668 -;
902 1612 967 1669 quo
988 1596 1021 1654 in
1043 1595 1145 1670 eapite
1165 1595 1356 1654 Archadioae
1377 1597 1532 1672 epigram-

306 1693 400 1751 matis
423 1691 509 1769 (111)
534 1710 648 1751 versus
672 1693 827 1752 Simonidi
848 1693 1022 1752 attributus
1040 1693 1191 1752 laudatur
1209 1694 1305 1766 paulo
1323 1695 1411 1768 post,
1436 1711 1533 1768 quam

306 1792 412 1850 doouit
432 1792 615 1851 Aristoteles
637 1792 756 1850 oratori
777 1791 809 1849 in
832 1791 1014 1849 laudatione
1036 1790 1298 1849 vitiahominum
1321 1791 1354 1848 in
1373 1792 1533 1850 meliorem

306 1891 428 1964 partem
443 1906 514 1948 esse
527 1889 756 1964 detorquenda.
774 1887 899 1947 'Rhetor
915 1889 983 1946 sive
998 1889 1168 1947 memoriae
1182 1906 1291 1947 errore
1307 1887 1359 1964 (of.
1377 1887 1396 1965 ἓ
1413 1888 1450 1947 59
1466 1887 1531 1964 sq.)

306 1987 373 2045 sive
402 1987 470 2045 loeo
497 1987 683 2046 Aristoteleo
707 1986 808 2045 obiter
829 1987 908 2045 teoto
931 2021 967 2026 —
990 1977 1126 2044 devoro
1148 1989 1296 2044 contextu
1320 1986 1428 2044 videas
1452 1984 1471 2062 ξ
1495 1986 1533 2045 37

305 2104 335 2161 p.
358 2086 395 2145 72
418 2119 454 2126 —
477 2103 603 2144 errasse
626 2085 760 2144 videtur.
