3572 5716
336 508 411 584 cap.
435 506 503 584 111,
528 508 575 567 aa.
916 507 974 567 204

333 697 518 756 imitationis
540 697 693 755 rationem
715 696 889 772 apparebit.
915 696 952 753 In
974 695 1077 770 prima
1099 698 1215 770 aetate,
1239 713 1322 770 quae
1342 696 1561 770 complectitur

334 794 525 854 imitationes
553 795 654 853 factas
681 797 755 853 ante
785 793 934 869 Syllogen
966 793 1181 852 Simonideam
1209 793 1451 869 concinnatam,
1486 811 1556 869 epp.

335 910 453 968 pauca,
477 909 560 966 quae
582 893 711 968 vulgata
732 896 839 967 erant,
864 894 900 950 ut
920 909 1098 966 anonyma,
1121 891 1297 950 imitatione
1313 908 1466 966 expressa
1484 895 1559 951 sunt

337 989 371 1067 (ᾖ
404 989 489 1066 122),
520 990 552 1048 in
581 991 696 1064 altera,
727 1007 809 1064 quae
835 989 1000 1064 usquead
1022 989 1180 1048 Coronam
1203 989 1412 1066 Meleagream
1434 1007 1559 1049 conser-

334 1091 399 1148 tam
421 1089 615 1164 extenditur,
643 1088 874 1162 Alexandrina,
898 1104 937 1146 ex
958 1087 1108 1146 omnibus
1130 1087 1230 1162 poetis
1251 1087 1476 1146 Alexandrinis
1497 1088 1559 1162 epi·

335 1187 550 1260 grammaticis
584 1204 671 1245 unus
706 1186 886 1244 Mnasalcas
920 1185 1069 1260 Syllogen
1104 1184 1320 1245 Simonideam
1352 1188 1481 1244 secutus
1512 1188 1559 1244 est

337 1281 396 1360 (§§
421 1282 607 1360 123-130),
634 1285 666 1342 in
688 1284 797 1358 tertia,
823 1284 982 1357 Romana,
1007 1299 1090 1356 quae
1110 1283 1350 1358 comprehendit
1368 1283 1559 1342 imitationes

335 1382 493 1458 Meleagro
513 1382 719 1457 posterioreS,
746 1381 928 1440 Simonidea
949 1399 1020 1455 epp.
1045 1383 1170 1440 tantum
1190 1381 1407 1439 inservierunt
1426 1381 1558 1456 inscrip-

334 1477 457 1538 tionirm
485 1480 669 1539 auctoribus
692 1479 897 1554 vulgaribus,
928 1479 1037 1552 quiin
1059 1479 1235 1554 Meleagrea
1258 1479 1382 1538 Corona
1404 1481 1558 1555 epigram·

336 1581 455 1636 matum
478 1578 674 1652 quaerebant
694 1578 837 1651 exempla
861 1575 896 1653 (ἓ
921 1575 1003 1652 131).

376 1674 395 1752 §
420 1676 486 1734 122.
532 1673 752 1736 1111110ίὶ0000
773 1676 853 1735 autc
874 1673 1039 1750 Spltopcn
1055 1672 1297 1734 Simonideom
1315 1672 1559 1737 concinnatam

334 1773 454 1833 factae.
500 1775 629 1850 Poetae,
661 1774 716 1847 qui
742 1791 812 1848 epp.
838 1773 1021 1832 Simonidea
1042 1773 1218 1831 imitatione
1238 1775 1466 1847 expresserunt
1487 1777 1560 1832 ante

336 1871 484 1947 Syllogen
516 1871 730 1931 Simonideam
758 1871 934 1944 conditam,
966 1870 1083 1929 scilicet
1111 1870 1245 1928 carmini
1275 1888 1334 1929 suo
1356 1870 1559 1929 subieoeruut

336 1971 508 2030 Simonidei
536 1969 774 2045 epigrammatis
802 1967 1004 2027 traditionem
1032 1985 1227 2043 anonymam
1256 1968 1297 2044 A,
1329 1985 1412 2042 quae
1432 1969 1471 2026 iis
1494 1969 1560 2026 sive

334 2087 372 2127 ex
406 2086 564 2128 marmore
594 2068 664 2142 ipso
695 2067 763 2125 sive
793 2066 878 2140 quod
910 2066 1041 2140 vulgata
1069 2067 1153 2140 erat,
1189 2069 1263 2124 nota
1292 2067 1393 2125 fuisse
1421 2067 1555 2126 videtur.

334 2168 423 2235 Quae
451 2169 560 2225 extant
587 2166 685 2225 huius
713 2165 825 2223 aetatis
853 2164 1062 2238 imitationes,
1093 2180 1149 2222 eae
1169 2181 1280 2222 omnes
1302 2165 1506 2239 reperiuntur
1527 2165 1558 2223 in

334 2265 503 2339 lapidibus.
535 2263 606 2331 Qua
626 2263 666 2322 de
687 2279 721 2320 re
742 2280 806 2320 non
828 2264 891 2336 est,
917 2262 1003 2336 quod
1025 2262 1187 2321 miremur.
1219 2263 1345 2320 Etenim
1368 2259 1560 2321 litterariae

334 2380 465 2437 poeseos
487 2361 763 2438 epigrammaticae
780 2360 953 2435 primordia
972 2360 1059 2418 haud
1079 2361 1179 2419 multo
1196 2363 1270 2420 ante
1287 2361 1391 2437 ipsam
1409 2361 1558 2437 Syllogen

337 2460 551 2518 Simonideam
573 2459 793 2517 concinnatam
816 2459 963 2533 ponenda
984 2475 1055 2516 esse
1076 2458 1235 2517 videntur.

374 2557 529 2615 Novimus
550 2557 647 2614 huius
669 2557 780 2615 aetatis
801 2556 992 2615 imitationes
1013 2557 1123 2615 hasce:

376 2655 402 2713 1.
448 2654 586 2714 Imitatio
607 2655 846 2729 epigrammatis
867 2654 1109 2729 Eurymedontii
1132 2653 1188 2713 105
1210 2657 1297 2714 extat
1314 2655 1346 2713 in
1365 2655 1461 2716 inscr.
1479 2657 1555 2716 (HA.

335 2754 387 2811 IV.
416 2753 475 2812 446
501 2769 524 2811 α
551 2770 581 2826 p.
612 2751 669 2809 108
698 2750 889 2825 (Hoffmann
918 2752 973 2826 36,
1006 2752 1213 2811 Hicks—Hill
1240 2752 1294 2828 46,
1327 2753 1366 2812 cf.
1395 2754 1560 2813 Kirohhofl

335 2853 445 2910 Herm.
478 2851 524 2910 17.
558 2850 634 2909 1882
666 2869 696 2925 p.
728 2850 785 2909 623
818 2848 917 2926 sqq.).
956 2849 1078 2908 Tabula
1109 2851 1278 2909 marmoris
1311 2852 1459 2911 Pentelici
1490 2854 1556 2927 est,

335 2966 417 3023 quac
438 2949 623 3008 memoriam
645 2949 784 3008 continet
805 2966 932 3024 eorum,
961 2949 1016 3022 qui
1038 2948 1080 3007 ad
1102 2948 1297 3023 Hellesponti
1319 2967 1393 3008 oras
1414 2967 1558 3026 pugnan-

334 3050 381 3105 tes
410 3047 591 3105 ceoiderunt
615 3047 741 3106 saeculo
762 3047 875 3120 quinto
895 3048 1044 3118 exeunte;
1073 3046 1113 3104 de
1134 3046 1330 3106 accuratiore
1351 3048 1463 3106 aetatis
1484 3048 1558 3106 deti-

335 3145 454 3203 nitione
475 3147 691 3204 controversia
713 3148 761 3204 est
781 3146 865 3204 inter
886 3145 973 3203 viros
995 3145 1114 3204 doctos.
1146 3146 1242 3203 Ecce:

414 3241 530 3302 001οε
556 3241 646 3320 παρ’
671 3239 986 3322 Ηελλήσπονιον
1011 3239 1226 3302 ἀπώλεσαν
1251 3239 1403 3320 ἀγλαὸν
1428 3241 1559 3321 λιήβην

454 3339 476 3416 β
483 3339 584 3417 αρνά
590 3362 722 3418 μενοι,
744 3340 898 3420 σφετέραν
920 3337 949 3400 d'
967 3338 1142 3418 ηὐκλέισαμ
1162 3336 1311 3418 πατρίδα,

413 3436 511 3497 λιώστ’
530 3435 668 3517 ἐχθροὺς
688 3443 850 3518 στεναχεῖμ
870 3436 1013 3515 πολέμου
1034 3436 1132 3514 θέρος
1153 3436 1395 3515 ἐκκομίσανιας·

455 3535 559 3604 αὐτοῖς
581 3534 610 3597 d'
629 3535 789 3597 ἀθάνατον
810 3535 928 3614 μνῆμ’
951 3534 1096 3615 ἀρετῆς
1116 3534 1240 3596 ἔθεσαν.

336 3635 489 3694 Consulto
511 3653 636 3711 appono
657 3654 706 3710 ep.
728 3635 1016 3710 Eurymedontium
1040 3634 1096 3694 105
1120 3633 1395 3712 (AP.V11.258):

416 3731 500 3793 οἵδε
527 3733 616 3811 παρ’
640 3730 936 3810 Εὐρυμέδοντα
964 3731 1048 3793 ποτ’
1073 3730 1225 3811 ἀγλαὸν
1254 3731 1411 3793 ὤλεσαν
1438 3731 1540 3811 ἥβην

454 3830 709 3909 μαρνάμενοι
732 3828 860 3910 Μήδων
881 3829 1071 3909 τοξοφόρων
1091 3829 1271 3909 προμάχοις

415 3929 577 4009 αἰχμηταί,
598 3928 690 4000 πεζοί
708 3951 738 3989 ιε
759 3927 813 3988 καὶ
834 3927 1018 4008 ὠκυπόρων
1040 3927 1089 3989 ε’πὶ
1110 3932 1211 4007 νηῶν,

454 4026 616 4088 κάλλιστον
639 4027 667 4087 δ’
688 4026 833 4106 ἀρετῆς
860 4032 937 4107 μνῆ
944 4026 980 4105 μ’
1001 4026 1106 4088 ἔλιπον
1128 4026 1287 4107 φθίμενοι.

336 4127 459 4185 Etenim
483 4128 550 4186 Keil
573 4126 697 4203 (Herm.
722 4125 769 4184 20.
796 4126 872 4186 1885
895 4145 925 4201 p.
950 4127 1008 4185 342
1031 4125 1112 4202 sq.)‚
1141 4127 1233 4186 cuius
1255 4126 1396 4202 opinioni
1417 4124 1558 4184 assentiti

336 4225 412 4282 sunt
444 4223 550 4283 Christ
582 4221 728 4282 Handb.³
758 4241 789 4298 p.
822 4223 879 4283 162
908 4241 938 4282 n.
970 4224 985 4281 1
1015 4226 1045 4282 et
1075 4224 1236 4284 Schwartz
1266 4224 1376 4282 Herm.
1405 4223 1453 4283 35.
1483 4221 1558 4282 1000

335 4340 365 4396 p.
389 4322 445 4380 118
467 4339 499 4379 n.
517 4323 552 4396 4,
578 4321 769 4380 contrariam
791 4321 945 4380 rationem
966 4322 1049 4380 inter
1069 4324 1244 4396 utrumque
1264 4322 1461 4398 epigramma
1482 4320 1558 4379 obti-

335 4437 411 4478 nere
432 4420 566 4494 putavit.
598 4419 770 4493 Postquam
794 4420 1004 4479 Reitzenstein
1027 4438 1057 4494 p.
1080 4419 1136 4478 149
1159 4420 1222 4478 iam
1243 4419 1410 4495 professus
1432 4422 1479 4478 est
1500 4418 1558 4477 sibi

336 4517 622 4592 Eurymedontium
644 4535 692 4592 ep.
718 4535 781 4576 non
800 4519 984 4592 posterioris
1002 4518 1113 4577 aetatis
1132 4517 1216 4576 ictus
1235 4518 1350 4594 videri,
1376 4518 1435 4576 Ed.
1454 4518 1559 4592 Meyer

336 4616 466 4674 Forsch.
492 4616 524 4674 II
549 4635 579 4691 p.
605 4615 643 4674 20
664 4617 771 4692 arguit
792 4635 831 4676 ex
851 4620 1041 4692 argumento
1062 4617 1122 4675 hoc
1143 4616 1338 4692 epigramma
1360 4633 1431 4674 esse
1452 4613 1559 4691 genui·

336 4732 410 4772 nam
431 4714 669 4789 inscriptionem
690 4716 868 4790 cenotaphii
890 4732 1017 4788 eorum,
1046 4715 1155 4788 quiin
1177 4732 1287 4789 pugna
1309 4711 1558 4790 Eurymedontia

335 4813 531 4871 cecidissent.
556 4813 649 4872 Hanc
665 4813 860 4887 praeclaram
876 4813 1122 4888 disputationem
1139 4813 1245 4871 fusius
1262 4813 1397 4871 referam
1414 4812 1447 4870 in
1463 4812 1559 4871 altera
