3546 5724
409 481 484 568 Cap.
513 481 556 552 11.
1001 481 1039 552 lo

408 677 494 754 quod
511 677 549 738 iis
565 675 780 755 temporibus,
805 676 924 754 quibus
940 677 1169 756 epigrammata
1185 677 1237 740 illa
1252 675 1378 742 condita
1395 685 1488 760 sunt,
1513 699 1549 744 ea
1566 679 1634 744 sine

407 781 518 853 poetae
533 777 719 838 auctoritate
735 777 952 853 vulgabantur
968 796 1004 836 ac
1019 778 1291 854 propagabantur.
1314 780 1460 840 Ceterum
1477 782 1633 858 epigram·

329 907 332 914 ι
407 880 492 935 mata
512 876 652 935 auctoris
674 875 802 934 nomine
823 893 886 934 non
909 876 1031 935 munita
1052 877 1131 935 adeo
1152 877 1238 952 apud
1259 877 1392 937 Suidam
1407 884 1591 940 occurrunt.

448 975 494 1033 Ea
522 974 709 1049 praesertim
737 973 770 1032 in
798 991 832 1032 re
859 973 1098 1048 epigrammatis
1126 975 1267 1034 condicio
1296 979 1488 1036 commutata
1510 979 1634 1053 conspi-

407 1073 505 1147 citur,
534 1072 620 1146 quod
641 1072 772 1130 fuerunt
793 1075 919 1147 poetae,
944 1072 999 1146 qui
1021 1073 1258 1148 epigrammatis
1280 1074 1539 1135 demonstrativis
1560 1093 1633 1135 con-

407 1171 520 1229 dendis
555 1187 589 1228 se
623 1170 818 1245 applicarent
852 1169 1183 1245 epigrammatumque
1216 1171 1346 1230 ederent
1377 1173 1542 1232 corollaria
1574 1191 1633 1233 suo

408 1269 535 1327 nomine
552 1268 714 1342 inscripta.
740 1266 849 1326 Poesis
866 1268 918 1326 illa
937 1268 1195 1344 epigrammatica
1213 1269 1376 1344 epidictico
1394 1288 1467 1329 cum
1485 1271 1630 1348 floreret,

406 1366 507 1425 fuisse
538 1365 704 1440 videntur,
742 1365 797 1439 qui
828 1365 1078 1441 epigrammatici
1108 1367 1219 1441 poetae
1249 1367 1402 1442 principis
1433 1369 1634 1443 aliorumque

407 1463 503 1538 prisci
534 1463 604 1522 aevi
636 1465 800 1538 poetarum
831 1479 1030 1521 summorum
1059 1460 1242 1539 (Sapphus,
1271 1465 1495 1541 Anacreontis,
1524 1467 1632 1525 Archi-

406 1561 505 1637 lochi,
530 1561 747 1636 Bacchylidis,
771 1561 833 1619 ΑΡ.
859 1562 910 1620 IV.
938 1561 964 1619 1.
989 1561 1021 1637 6,
1040 1560 1092 1636 35,
1111 1561 1163 1637 38,
1182 1561 1234 1638 34)
1257 1563 1455 1636 requirerent
1476 1565 1633 1640 epigram·

407 1662 529 1718 matum
556 1659 711 1717 eiusmodi
732 1658 946 1734 collectiones,
977 1659 1088 1734 quales
1110 1660 1292 1734 aequalium
1313 1661 1629 1721 circumferebantur.

408 1757 466 1816 Cui
501 1757 657 1816 desiderio
684 1760 720 1815 ut
744 1756 980 1832 satisfacerent,
1011 1758 1159 1833 fuerunt,
1190 1759 1246 1833 qui
1268 1763 1492 1834 componerent
1514 1761 1546 1818 in
1569 1763 1632 1819 sin·

407 1855 491 1932 gulis
513 1854 644 1931 syllogis
665 1854 894 1929 epigrammata
916 1872 1092 1930 anonyma,
1117 1873 1200 1930 quae
1220 1856 1259 1915 iis
1281 1857 1486 1931 antiquorum
1505 1859 1633 1917 illorum

407 1956 573 2029 poetarum
590 1969 661 2011 esse
678 1953 878 2012 videbantur.
905 1952 1033 2029 Sylloge
1053 1953 1235 2014 Simonidea
1254 1955 1352 2030 igitur
1370 1960 1443 2015 ante
1460 1956 1634 2016 Alexandri

406 2045 515 2127 Magrii
536 2053 670 2110 aetatem
691 2050 821 2109 omnino
842 2051 1026 2109 concinnari
1047 2069 1111 2110 non
1133 2053 1244 2126 potuit.

446 2149 493 2208 Ab
531 2149 630 2208 altera
665 2149 771 2207 autem
806 2151 897 2223 parte
933 2148 1083 2224 Syllogen
1118 2149 1150 2207 in
1188 2150 1381 2209 Bibliotheca
1416 2152 1632 2212 Alexandrina

406 2248 540 2307 affuisse
568 2246 724 2305 affirmari
751 2245 831 2305 licet.
867 2243 1142 2307 Alennndrinam
1170 2249 1338 2308 editionem
1365 2249 1633 2325 epigrammatum

409 2346 665 2405 Simonideorum
697 2345 855 2421 Meleagro
886 2346 1073 2420 praebuisse
1105 2346 1268 2421 probabile
1298 2351 1347 2406 est
1377 2346 1448 2406 νέον
1480 2346 1634 2428 οἶνάνθης

406 2442 512 2522 κλῆμα
541 2439 732 2520 Σιμωνίδεω)
762 2440 837 2519 (ΑΡ.
869 2443 921 2502 IV.
948 2445 974 2503 1.
999 2443 1050 2519 8),
1081 2476 1120 2485 -
1151 2446 1238 2519 quod
1266 2463 1324 2504 cur
1351 2446 1468 2505 iniuria
1496 2464 1633 2523 negasse

406 2546 514 2617 putem
536 2541 809 2600 Wilamowitzium
837 2541 949 2604 dicam¹
971 2539 990 2618 ἕ
1014 2542 1061 2601 38.
1097 2542 1302 2602 confidenter
1323 2547 1486 2619 praeterea
1508 2546 1633 2604 Daubio

406 2641 535 2699 auctore
564 2638 682 2715 (Fleck.
712 2638 766 2697 Jb.
798 2639 852 2697 XI.
887 2638 998 2715 Suppl.
1031 2640 1089 2698 Bd.
1119 2640 1196 2700 1880
1224 2659 1254 2716 p.
1279 2639 1352 2718 427)
1382 2640 1633 2720 ἐπιγραμμάτων

406 2738 598 2797 mentionem
633 2737 718 2811 apud
755 2736 887 2796 Suidam
924 2756 953 2797 v.
991 2735 1176 2817 Σιμωνίδης
1210 2739 1249 2798 ad
1286 2740 1470 2800 Callimachi
1504 2741 1632 2800 tabulas

407 2837 525 2895 referre
545 2852 718 2911 possumus
742 2833 795 2912 (cf.
821 2833 841 2912 ἓ
865 2833 947 2912 132).

446 2934 546 2994 Nimis
575 2936 680 2992 autem
708 2933 802 2993 debili
831 2935 1004 2994 niteremur
1032 2935 1241 2994 fundamento
1262 2936 1289 2994 si
1310 2936 1361 2994 his
1382 2936 1503 2996 finibus
1528 2935 1629 3013 (Alex.

407 3034 513 3108 Magn.
545 3035 604 3091 aet.
634 3065 673 3074 -
703 3030 841 3109 Gallim.)
869 3035 1003 3092 aetatem
1027 3033 1172 3109 Sylloges
1195 3034 1443 3093 circumcludere
1465 3035 1629 3094 vellemus.

407 3131 537 3191 Certum
572 3133 677 3189 autern
712 3132 883 3190 terminum
896 3176 903 3206 ,
943 3132 1023 3192 ante
1057 3149 1153 3206 quem
1187 3131 1332 3208 Sylloges
1363 3133 1453 3208 origo
1484 3134 1633 3208 ponenda

407 3230 565 3304 videatur,
600 3228 827 3303 adipiscemur,
863 3228 890 3286 si
921 3229 1057 3303 scriptor
1087 3229 1221 3288 indicari
1252 3230 1383 3305 poterit,
1418 3231 1473 3304 qui
1503 3230 1633 3306 Sylloge

406 3345 486 3386 usus
518 3329 580 3400 est;
613 3328 736 3385 certum
766 3327 955 3402 terminum,
985 3328 1068 3403 post
1098 3345 1193 3402 quem
1227 3327 1377 3404 Syllogen
1409 3330 1632 3388 concinnatam

405 3443 476 3484 esse
497 3425 755 3484 constituendum
776 3425 833 3499 sit,
865 3425 891 3483 si
913 3425 1010 3483 fontis
1032 3426 1214 3502 cuiusdam,
1244 3444 1340 3501 quem
1363 3427 1516 3487 Collector
1536 3444 1632 3486 usur-

406 3541 500 3598 passe
527 3524 667 3598 videtur,
701 3525 835 3581 aetatem
867 3522 1001 3583 definire
1028 3525 1213 3599 poterimus.
1248 3525 1329 3606 Nam
1357 3525 1629 3601 disquisitionem,

405 3639 487 3696 quae
515 3623 555 3680 sit
583 3621 623 3680 de
651 3621 832 3682 Collectoris
860 3621 1019 3697 fontibus,
1051 3622 1210 3681 artissime
1237 3623 1438 3682 coniunctam
1467 3640 1538 3683 esse
1558 3641 1633 3682 curn

405 3719 664 3796 investigatione,
700 3736 763 3793 qua
796 3719 1009 3779 constituatur
1039 3720 1184 3796 Sylloges
1216 3724 1320 3795 actae,
1353 3721 1417 3780 iam
1445 3722 1477 3779 in
1505 3739 1632 3796 praece-

405 3819 509 3877 dentis
532 3817 551 3895 ἓ
574 3818 639 3877 fine
659 3818 779 3876 monui.

446 3917 526 3975 Cum
555 3916 731 3975 Aristotelis
759 3916 1046 3991 Aristophanisque
1073 3916 1158 3974 locos
1186 3917 1306 3975 nullam
1335 3935 1464 3992 operam
1492 3917 1633 3992 polliceri

406 4014 579 4072 viderimus
613 4011 647 4090 (ξ
681 4011 732 4089 22)
765 4013 1022 4090 inquirentibus,
1061 4013 1142 4072 ante
1172 4031 1267 4088 quern
1298 4015 1468 4073 terminum
1504 4015 1633 4091 Sylloge

405 4112 552 4188 ponenda
570 4113 627 4187 sit,
653 4112 761 4170 nullus
780 4112 915 4187 scriptor
933 4113 1044 4170 nostro
1062 4112 1136 4170 usui
1154 4112 1310 4171 inservire
1327 4131 1422 4188 posse
1437 4114 1572 4188 videtur,
1593 4146 1633 4155 -

405 4228 479 4269 nam
501 4210 720 4269 Aristodemus
741 4209 963 4269 Aristarcheus
988 4207 1022 4286 (ξ
1037 4208 1088 4286 77)
1108 4211 1263 4269 recentior
1281 4213 1329 4269 est
1347 4212 1629 4287 quaestionesque,

405 4326 488 4383 quae
509 4309 585 4366 sunt
606 4308 645 4366 de
666 4307 849 4367 condicione
869 4307 951 4366 inter
969 4306 1165 4366 Simonidem
1183 4307 1398 4384 Syllogenque
1416 4309 1632 4368 Simonideam

405 4408 501 4481 atque
521 4408 631 4481 poetas
652 4407 884 4465 Alexandrinos
905 4406 1199 4481 epigrarnmaticos,
1223 4407 1334 4482 procul
1353 4409 1429 4465 sunt
1447 4407 1629 4483 habendae,

405 4505 511 4578 quoad
532 4503 711 4562 traditionis
733 4504 898 4564 historiam
920 4521 1046 4562 omnem
1068 4505 1323 4579 cognoverimus

445 4602 590 4661 Attamen
619 4619 704 4660 unus
733 4604 780 4660 est
809 4603 959 4678 scriptor,
991 4619 1008 4660 a
1037 4619 1101 4676 quo
1125 4602 1275 4679 Syllogen
1299 4601 1514 4662 Simonideam
1536 4619 1632 4660 usur-

406 4702 511 4774 patam
540 4717 610 4759 esse
635 4701 858 4759 demonstrare
878 4718 929 4759 me
949 4718 1044 4775 posse
1065 4700 1207 4776 confido,
1239 4717 1283 4759 sc.
1311 4698 1478 4760 Timaeus.
1513 4700 1632 4786 Quam·

304 4855 310 4865 ,
405 4815 501 4876 quam
535 4816 598 4858 non
630 4799 732 4876 ipsius
761 4799 879 4858 Timaei
911 4799 1128 4858 testimonium
1160 4799 1252 4858 nobis
1281 4801 1443 4876 superest,
1479 4800 1534 4858 sed
1562 4801 1633 4860 erui
