3572 5716
794 569 797 575 ·
853 552 910 611 249
1279 549 1298 628 ᾗ
1323 550 1489 610 143-146.

177 773 180 780 =
271 741 413 818 Sylloges
442 741 681 816 epigrammatis
709 741 909 798 inniteretur.
933 740 1065 814 Unicus
1093 739 1199 813 locuS,
1231 739 1286 797 ubi
1315 739 1354 796 de
1382 755 1493 797 eorum

268 841 372 900 indole
393 857 499 898 sermo
520 841 584 914 est,
609 839 724 914 legitur
745 839 831 912 apud
853 838 1039 912 scriptorem
1063 835 1263 913 (Aristidem,
1290 835 1309 914 ἓ
1331 835 1413 912 132),
1438 837 1494 910 qui

268 939 335 1013 ipse
365 956 469 1012 neque
502 937 647 1013 Sylloges
679 954 782 1010 neque
811 937 954 996 Coronae
982 936 1175 1011 Meleagreae
1206 935 1349 993 notitiam
1383 934 1494 992 habuit

270 1037 388 1110 nitique
410 1037 535 1094 videtur
556 1036 623 1094 loco
645 1034 841 1093 Aristoteleo.

308 1135 522 1193 Innotuerunt
543 1134 673 1191 demum
690 1133 875 1190 hominibus
893 1132 1037 1208 Sylloges
1051 1133 1298 1207 epigrammata,
1323 1132 1493 1205 postquam

269 1249 287 1290 a
321 1231 478 1307 Meleagro
516 1249 581 1290 una
613 1249 686 1290 cum
718 1231 853 1300 aliorum
884 1230 1051 1304 poetarum
1080 1230 1277 1313 syllogarum
1306 1229 1494 1304 fragmentis

269 1330 301 1387 in
323 1330 447 1389 Corona
469 1329 643 1404 composita
665 1331 750 1387 sunt.
776 1329 857 1386 Tum
882 1328 1063 1388 Simonidea
1084 1345 1154 1402 epp.
1176 1328 1305 1386 laudata
1326 1327 1494 1386 inveniun-

269 1430 321 1486 tur
342 1429 428 1502 apud
450 1428 645 1486 Favorinum
670 1425 705 1504 (ἓ
728 1425 799 1502 53),
829 1426 1098 1501 Hephaestionem
1121 1423 1155 1502 (ἓ
1179 1423 1249 1501 54),
1275 1425 1494 1484 Herodianum

271 1524 305 1602 (ἓ
338 1525 395 1600 64,
434 1526 474 1584 ad
509 1542 605 1599 quem
639 1511 755 1582 rursus
791 1542 955 1583 recurrere
990 1524 1140 1582 videntur
1174 1541 1288 1582 versus
1323 1523 1495 1582 Simonidei

268 1624 387 1682 laudati
409 1623 459 1682 vel
481 1623 614 1697 respecti
637 1623 722 1697 apud
747 1623 944 1704 Stephanum
967 1623 1174 1698 Byzantium,
1200 1622 1491 1697 PS.·Tryphonem,

268 1721 301 1779 iu
329 1721 547 1796 Etymologico
575 1722 708 1796 Magn0,
738 1721 777 1779 ci.
812 1718 855 1797 ἐξ
879 1720 916 1779 64
939 1720 1029 1794 add,
1064 1719 1134 1795 113,
1161 1719 1218 1778 127
1240 1738 1271 1778 n.
1297 1717 1387 1794 165),
1413 1719 1494 1777 Pau·

269 1819 391 1877 saniam
415 1817 450 1896 (ἓ
473 1816 543 1894 65),
572 1819 731 1877 Pollucem
756 1816 790 1894 (ἓ
814 1815 885 1892 67),
910 1818 1082 1892 Diogenem
1104 1817 1265 1875 Laertium
1288 1814 1323 1893 (ξ
1348 1817 1384 1875 72
1407 1814 1490 1891 sq.),

272 1916 481 1976 Scholiastam
515 1917 663 1974 Aristidis
700 1914 735 1993 (ξ
766 1915 834 1990 57),
868 1917 1034 1974 Helladius
1062 1933 1101 1974 ex
1128 1915 1253 1975 Corona
1281 1914 1414 2007 petitum
1443 1925 1491 1988 ep.

269 2015 454 2090 Megarense
491 2011 577 2090 (107)
613 2014 709 2088 lapidi
744 2013 881 2088 insculpi
916 2014 1021 2072 iussit.
1045 2011 1080 2090 (ἓ
1113 2009 1187 2088 40),
1225 2029 1263 2070 ex
1294 2029 1330 2070 ea
1362 2011 1495 2084 inscrip-

268 2113 390 2171 tionum
429 2114 575 2172 auctores
610 2112 755 2170 imitandi
794 2112 916 2186 copiam
948 2112 1184 2171 arcessiverunt
1218 2107 1253 2187 (ς
1288 2107 1369 2184 131).
1414 2109 1495 2166 Nam

269 2210 512 2286 vulgatissimus
534 2210 613 2268 liber
634 2213 702 2268 erat
724 2211 849 2270 Corona
871 2210 1063 2286 Meleagrea,
1095 2226 1177 2283 quae
1198 2209 1267 2282 ipsa
1288 2207 1382 2266 unice
1402 2224 1495 2281 prop-

269 2310 316 2366 ter
337 2308 591 2383 Byzantinorum
611 2308 800 2382 excerpendi
822 2308 964 2366 furorem
984 2307 1085 2382 periit.
1114 2307 1260 2364 Attamen
1282 2306 1332 2364 vel
1354 2305 1399 2363 sic
1420 2307 1496 2363 sunt

270 2406 456 2481 scriptoreS,
492 2406 547 2480 qui
581 2405 779 2479 Simonidea,
814 2422 896 2479 quae
926 2405 1073 2480 laudent,
1108 2422 1172 2462 non
1203 2404 1231 2462 ei
1262 2403 1413 2477 debeant,
1449 2420 1492 2461 sc.

271 2503 447 2578 Diodorus,
487 2504 542 2577 qui
576 2503 778 2562 traditionem
811 2504 837 2561 A
873 2504 1013 2578 Ephori,
1051 2503 1190 2562 auctoris
1223 2501 1292 2574 sui,
1331 2500 1493 2575 seqnitur,

270 2601 479 2677 Plutarchus,
511 2601 566 2674 qui
594 2601 823 2676 epigrammata
851 2601 978 2660 exhibet
1005 2619 1041 2659 ea
1068 2599 1253 2674 traditione,
1285 2616 1382 2672 quam
1410 2598 1496 2672 apud

270 2700 415 2757 auctores
444 2697 521 2756 suos
548 2699 686 2774 invenit,
717 2699 887 2774 AristideS,
919 2699 974 2773 qui
1000 2699 1229 2774 epigrammata
1251 2697 1437 2756 recordatur
1458 2714 1496 2754 ex

271 2796 425 2870 scriptore
445 2796 596 2855 historico
617 2797 819 2854 traditionem
840 2797 866 2854 A
888 2796 1149 2870 repraesentanti.
1268 2811 1269 2815 ¹

310 2893 402 2961 Quod
438 2894 525 2968 apud
563 2894 674 2952 aetatis
709 2895 837 2952 demum
870 2895 1032 2952 Romanae
1064 2893 1235 2967 scriptores
1266 2894 1497 2969 epigrammata

272 2990 443 3050 Simonidis
472 2992 600 3050 nomine
626 2993 739 3051 ornata
768 2993 967 3066 comparent,
999 2991 1031 3049 id
1052 2993 1116 3050 iam
1136 2991 1334 3066 dunghahn,
1365 2991 1497 3050 acuius

270 3089 440 3164 scriptione
480 3089 680 3149 Simonideae
716 3090 912 3164 quaestionis
944 3090 1089 3148 tractatio
1121 3090 1261 3164 profecta
1293 3091 1358 3164 est,
1392 3108 1422 3164 p.
1459 3089 1497 3148 40

270 3187 404 3246 miratus
422 3189 483 3260 cst;
507 3190 603 3262 atque
620 3205 693 3246 cum
711 3188 788 3246 haec
807 3205 857 3246 ros
873 3188 941 3245 tum
957 3188 1069 3261 altera,
1091 3187 1177 3261 quod
1192 3188 1356 3262 complura
1370 3188 1496 3246 illorum

269 3284 534 3360 epigrammatum
570 3286 664 3344 etiam
692 3302 852 3361 anonyma
881 3285 1108 3360 inveniuntur,
1144 3285 1321 3343 Kaibelium
1349 3285 1497 3343 Wilamo·

270 3383 471 3457 witziumque
498 3384 613 3458 movit,
644 3385 679 3441 ut
711 3383 905 3442 Simonidem
938 3381 1254 3458 ‘epigrammaticum’
1285 3382 1497 3457 posteriorum

271 3481 455 3540 commentis
477 3481 619 3540 debitum
641 3483 816 3540 censerent.

309 3579 426 3637 Verum
453 3597 531 3637 uum
562 3578 734 3637 Simonidis
763 3596 816 3636 ars
842 3579 1101 3654 epigrammatica
1130 3595 1241 3636 revera
1271 3577 1366 3635 fuerit
1388 3577 1497 3651 singu-

158 3697 162 3702 ·
269 3665 346 3736 laris
375 3710 412 3717 —
440 3694 514 3734 eum
541 3676 605 3738 iam
633 3679 706 3734 ante
735 3676 940 3735 Collectorem
968 3677 1036 3735 eius
1065 3676 1109 3732 rei
1137 3676 1222 3734 fama
1251 3674 1399 3750 gavisum
1427 3691 1498 3732 esse

270 3773 333 3832 iam
364 3774 512 3848 apparuit
546 3771 580 3850 (ἕ
616 3771 686 3848 132)
720 3807 775 3848 -,
810 3792 888 3832 num
916 3775 985 3833 eius
1013 3773 1270 3848 epigrammatica
1299 3773 1404 3846 poesis
1433 3772 1496 3829 vim

271 3870 426 3929 addiderit
467 3870 606 3930 Graecae
647 3871 925 3946 epigrammaticae
962 3887 1093 3945 poeseos
1132 3869 1336 3944 progressui,
1382 3869 1497 3926 harum

271 3969 494 4042 quaestionum
525 3969 672 4027 tractatio
700 3985 835 4042 prorsus
864 3968 1057 4028 secernenda
1085 3968 1133 4026 est
1161 3967 1201 4026 ab
1229 3966 1497 4042 epigrammatum

274 4064 529 4124 Simonideorum
551 4067 744 4124 traditorum
766 4067 995 4126 aestimatione.

313 4161 332 4239 ς
363 4162 429 4221 146.
479 4161 574 4235 Quid
604 4162 642 4222 in
674 4163 786 4223 altera
816 4163 921 4224 huius
953 4181 1073 4223 comm.
1102 4163 1207 4239 porta
1242 4162 1284 4222 de
1317 4159 1499 4222 Simonide

272 4258 558 4336 epigrammatico
581 4260 825 4321 constituntur.
870 4263 1096 4335 Quaestiones,
1121 4278 1203 4334 quas
1224 4261 1258 4318 in
1280 4260 1497 4334 praecedentis

273 4357 292 4436 ξ
315 4360 379 4418 fine
401 4360 662 4434 commemoravi,
694 4360 783 4418 alteri
805 4361 902 4418 huius
924 4358 1197 4419 commentationis
1219 4358 1316 4432 parti,
1346 4358 1385 4415 de
1406 4357 1498 4415 cuius

272 4457 401 4516 consilio
429 4457 492 4515 iam
514 4458 579 4515 dixi
603 4456 622 4534 ξ
645 4457 684 4516 20
706 4475 736 4531 p.
762 4457 799 4515 32
822 4475 891 4532 sqq.
917 4457 1131 4516 reservandae
1152 4458 1237 4514 sunt.
1273 4456 1312 4513 In
1334 4472 1370 4514 ea
1385 4457 1498 4518 ,autom

271 4557 441 4615 lectoribus
462 4575 513 4615 me
533 4574 767 4631 persuasurum
788 4573 859 4615 esse
881 4573 973 4631 spero
998 4555 1193 4615 Simonidem
1215 4573 1326 4613 revera
1348 4556 1378 4612 et
1398 4554 1499 4612 fuisse

272 4671 416 4712 summae
444 4655 522 4712 artis
550 4655 845 4730 epigrammaticum
874 4656 998 4728 poetam
1019 4658 1050 4712 et
1072 4653 1222 4711 floruisse
1243 4653 1328 4727 apud
1350 4653 1499 4726 aequales

272 4768 397 4810 summa
419 4754 529 4826 poetae
550 4752 799 4826 epigrammatici
820 4752 929 4824 laude;
952 4769 1047 4825 quam
1070 4750 1097 4808 ei
1121 4751 1180 4808 viri
1201 4750 1368 4809 clarissimi
1391 4749 1499 4808 Kaibel

272 4848 367 4922 atque
400 4849 606 4907 Wilamowitz
640 4849 757 4908 iniuria
785 4849 1040 4923 denegaverunt,
1076 4864 1149 4905 cum
1177 4848 1407 4922 epigrammata
1435 4847 1500 4904 fere
