3572 5716
354 509 430 584 Gap.
455 507 523 583 ΙΙΙ,
548 508 595 567 32.
934 506 993 566 218

353 697 413 755 tica
444 695 500 754 102
528 697 624 769 atque
653 694 708 754 103
736 695 868 754 eandem
897 694 1039 753 obtinere
1067 694 1237 768 rationem,
1269 711 1365 768 quam
1394 693 1477 751 inter
1504 710 1574 768 epp.

341 771 635 868 ‘Thermopylensia
670 792 708 851 99
743 795 839 866 atque
873 793 943 850 VIl.
979 792 1036 850 242
1071 793 1101 851 et
1134 809 1204 866 epp.
1237 791 1487 866 Eurymedontia
1521 791 1578 850 105

353 895 449 964 atque
471 891 528 950 106
548 893 656 949 extare
677 890 870 965 apparuerit.
1527 903 1529 910 ’

393 989 512 1047 Versus
544 991 680 1063 quartus
711 987 938 1062 interpretibus
970 1005 1120 1062 magnam
1152 986 1273 1062 peperit
1305 986 1496 1050 molestiam:
1529 985 1577 1045 ἵνα

353 1085 439 1163 σφίσι
466 1084 510 1165 μὴ
540 1083 710 1164 καθέληται
742 1087 746 1162 l
773 1082 882 1151 Ἑλλὰς
903 1083 1129 1163 ἀποφθιμένου
1150 1080 1267 1161 κρατὸς
1288 1081 1477 1160 ἐλευθερίαν.
1509 1085 1577 1142 Ρ11-

353 1185 455 1243 nudes
477 1185 588 1243 ultima
612 1177 707 1243 verba¹
729 1185 859 1259 praebet
880 1180 1113 1260 ἀποφθιμένοις
1134 1179 1250 1258 κάρτος
1271 1179 1466 1258 ἐλευθερίας,
1497 1199 1579 1256 quae

354 1286 408 1340 aut
440 1282 618 1357 recipienda
651 1284 764 1341 cuncta
795 1283 850 1340 aut
882 1281 1038 1340 reicienda
1069 1297 1140 1340 esse
1170 1280 1280 1339 elucet.
1317 1279 1475 1347 Quoniam
1504 1281 1577 1354 apta

354 1381 509 1440 sententia
540 1399 579 1439 ex
610 1381 648 1439 iis
679 1379 827 1438 extricari
858 1379 984 1453 nequit,
1018 1396 1091 1438 cum
1124 1377 1262 1453 Bergkio
1294 1378 1499 1436 statuendum
1530 1379 1578 1436 est

354 1479 528 1537 Planudem
551 1496 610 1536 suo
632 1479 748 1553 marte,
780 1494 862 1552 quae
883 1494 947 1535 non
969 1476 1178 1552 intellegeret,
1207 1478 1350 1536 mutasse
1372 1473 1425 1552 (cf.
1449 1473 1468 1552 ξ
1493 1472 1574 1550 108).

356 1575 573 1634 Schneidewin
606 1593 636 1650 p.
668 1575 725 1635 158
756 1576 846 1634 docte
876 1575 1130 1634 coniunctionem
1161 1572 1210 1632 ἵνα
1242 1591 1323 1648 non,
1358 1573 1445 1647 quod
1473 1573 1578 1646 quivis

353 1657 456 1748 primo
487 1673 601 1732 obtutu
633 1674 732 1748 dicat,
767 1691 785 1732 a
817 1669 968 1750 ῥυόμενοι
999 1671 1137 1746 pendere
1167 1670 1343 1729 arbitratus
1374 1673 1438 1744 est,
1473 1669 1529 1728 sed
1559 1687 1577 1728 a

280 1787 290 1798 ‘
352 1769 568 1849 μνησώμεθαε
598 1771 793 1830 ‘memoriam
814 1772 1023 1846 Tegeatarum
1045 1768 1289 1828 instaurandam
1310 1768 1385 1826 dicit
1406 1771 1514 1844 poeta,
1539 1784 1578 1826 ue

353 1869 484 1929 Graecia
516 1888 534 1929 a
566 1868 667 1944 capite
698 1869 922 1928 defunctorum
950 1867 1084 1943 deripiat
1111 1867 1305 1941 libertatem,
1337 1867 1368 1924 h.
1393 1884 1419 1924 e.
1444 1883 1485 1923 ne
1505 1882 1574 1939 eos,

351 1970 523 2042 postquam
555 1966 811 2027 Lacedaemoniis
843 1966 1099 2040 succubuerunt,
1135 1967 1299 2039 tamquam
1328 1964 1452 2022 servilis
1481 1963 1577 2022 animi

354 2065 497 2124 homiues
529 2065 713 2140 patriaeque
743 2064 922 2124 incuriosos
950 2061 1134 2138 proculcet’.
1168 2064 1206 2121 In
1229 2080 1293 2136 qua
1316 2062 1462 2120 versione
1483 2093 1521 2102 -
1543 2063 1578 2120 ut

354 2163 412 2221 hoc
446 2165 571 2222 tantum
602 2164 715 2222 vitium
746 2163 881 2221 indicem
912 2194 952 2204 -
984 2179 1048 2222 non
1080 2161 1202 2219 reddita
1235 2162 1283 2218 est
1314 2160 1458 2218 Palatina
1489 2159 1577 2218 lectio

353 2258 593 2338 ἀποφθιμένου,
615 2261 671 2318 sed
688 2260 867 2336 Planudea,
889 2277 985 2333 quam
1004 2259 1073 2335 ipse
1089 2276 1120 2316 v.
1138 2258 1175 2316 cl.
1193 2257 1314 2332 reiecit,
1336 2254 1576 2334 ἀποφθιμένοις.

271 2381 278 2398 ν
354 2359 460 2433 Bergk
491 2359 705 2418 coniecturam
735 2358 901 2432 temptavit
933 2354 1155 2433 ἀποφθιμένηε
1188 2353 1307 2429 ‘poetas
1329 2355 1403 2413 dicit
1425 2355 1577 2430 Tegeates

353 2457 475 2515 fortiter
503 2457 700 2532 pugnavisse
727 2474 786 2531 pro
813 2455 894 2514 urbe
921 2473 996 2530 sua,
1028 2458 1063 2513 ut
1091 2453 1270 2513 communis
1298 2454 1420 2528 patriae
1444 2453 1575 2511 salutem

353 2557 534 2613 tuerentur:
563 2555 694 2614 Graecia
722 2554 807 2612 enim
835 2553 968 2612 subacta
996 2571 1031 2612 se
1057 2569 1186 2626 quoque
1209 2551 1333 2610 hostilis
1353 2550 1577 2610 dominationis

353 2652 440 2709 haud
461 2652 529 2710 iore
550 2654 695 2727 expertes
715 2649 950 2710 intellexerunt'
963 2650 1026 2727 167).
1052 2651 1162 2724 Neque
1182 2652 1289 2708 tamen
1310 2650 1370 2709 hac
1388 2665 1492 2724 neque
1509 2648 1577 2706 aliis

354 2749 445 2807 nobis
474 2767 556 2824 opus
577 2750 636 2808 erit
658 2749 847 2808 coniecturis
871 2746 939 2825 (ἀπ’
958 2746 1094 2826 ἰφθίμου
1114 2746 1251 2822 Jacobs,
1276 2743 1382 2813 11λάςὲ
1408 2743 1573 2821 81101111),

354 2846 380 2904 si
412 2847 463 2905 hic
491 2865 619 2922 quoque
646 2848 873 2923 agnoverimus
901 2847 1107 2905 imitationem
1136 2845 1375 2920 epigrammatis
1406 2843 1576 2903 Simonidei

354 2961 397 3018 sc.
422 2944 476 3020 98,
508 2946 595 3019 quod
622 2947 670 3004 est
696 2946 729 3003 in
758 2946 982 3020 Adimantum,
1011 2944 1103 3003 cuius
1132 2943 1263 3002 consilio
1293 2941 1389 3018 (trad.
1414 2940 1450 3018 S)
1471 2937 1578 3006 Ἑλλὰς

353 3041 532 3122 ἐλευθερίης
554 3042 718 3121 ἀμφέθετο
739 3042 902 3121 στέφανον.
925 3043 963 3101 In
981 3044 1118 3117 utroque
1135 3059 1183 3116 ep.
1203 3058 1307 3100 sermo
1325 3043 1373 3101 est
1391 3042 1430 3099 de
1448 3041 1576 3100 Graecia

355 3138 479 3218 (Ἑλλὰς
504 3143 614 3201 eadem
635 3142 824 3217 pentametri
845 3139 949 3217 sede),
980 3142 1019 3198 de
1039 3140 1199 3214 libertate,
1230 3139 1263 3197 in
1285 3139 1344 3198 hoc
1365 3139 1404 3198 de
1424 3137 1576 3197 libertatis

354 3257 486 3316 corona,
522 3258 604 3314 quae
635 3241 766 3300 Graecia
798 3240 858 3298 sibi
889 3239 1039 3315 imponit,
1073 3239 1106 3296 in
1139 3239 1192 3296 illo
1221 3238 1260 3296 de
1286 3237 1447 3312 libertate,
1482 3253 1576 3310 quam

353 3337 484 3397 Graecia
506 3357 523 3396 a
546 3341 647 3413 eapite
669 3356 727 3396 suo
748 3338 862 3413 deripit
886 3334 1116 3416 (καθέληται).
1141 3337 1255 3410 Itaque
1275 3338 1458 3418 comparato
1479 3334 1576 3394 Simo-

353 3435 446 3493 nideo
468 3421 580 3511 versu,
605 3437 665 3495 hoc
685 3435 865 3494 Mnasaleas
887 3435 1027 3493 voluisse
1048 3434 1124 3492 mihi
1146 3434 1287 3492 videtur:
1317 3432 1367 3492 ‘ne
1387 3433 1520 3493 Graecia
1540 3431 1577 3489 iis

355 3529 469 3610 (σφίσι,
495 3534 533 3593 ct.
555 3531 575 3593 ὅ
594 3554 663 3610 μοι
685 3531 778 3609 γέρας
799 3531 913 3611 οἴχεται
935 3529 1025 3610 ἄλλῃ)
1049 3531 1185 3607 acapite
1200 3549 1260 3589 suc
1275 3531 1413 3590 extincto
1428 3547 1576 3589 coronam

352 3631 507 3690 libertatis
529 3630 709 3707 deriperet',
733 3649 797 3706 qua
819 3630 975 3688 sententia
997 3632 1139 3688 contorte
1156 3629 1358 3704 significatur
1379 3627 1429 3686 ‘ne
1447 3627 1577 3687 Graecia

353 3729 391 3787 iis
413 3731 446 3786 in
469 3730 654 3804 servitutem
676 3726 896 3804 redigeretur'.
954 3732 958 3738 '

394 3828 627 3900 inquirendum
642 3827 779 3901 denique
793 3826 855 3900 est,
873 3843 951 3882 num
960 3870 968 3899 ,
986 3826 1021 3883 ut
1036 3825 1067 3882 in
1084 3843 1154 3899 epp.
1170 3823 1429 3899 Eurymedontiis
1444 3820 1479 3900 (ξ
1494 3820 1573 3896 127),

354 3925 511 3983 recentius
539 3943 587 4000 ep.
616 3925 816 4000 Tegeaticum
838 3923 984 3981 lemmate
1006 3923 1194 3997 vetustiore,
1226 3921 1385 3980 vetustius
1406 3921 1578 4002 recentiore

353 4022 545 4081 instructum
568 4023 618 4081 sit.
648 4023 707 4097 Ep.
731 4021 948 4080 Simonideum
972 4019 1028 4079 102
1049 4020 1163 4078 lemma
1185 4019 1294 4078 habet:
1317 4017 1360 4084 εἰς
1381 4014 1453 4084 τοὺς
1468 4014 1575 4092 Ἕλλη-

353 4140 409 4186 νας
430 4116 501 4186 τοὺς
522 4119 576 4198 τὴν
600 4117 715 4197 Τεγέαν
736 4115 906 4195 ἐλευθέραν
926 4115 1130 4195 ποιήσαντας
1160 4135 1209 4192 ep.
1232 4117 1305 4192 103,
1334 4116 1419 4190 quod
1442 4114 1576 4174 Mnasal-

354 4235 408 4275 cae
439 4218 658 4276 attribuimus:
690 4215 732 4282 εἰς
763 4213 835 4281 τοὺς
866 4213 898 4274 ἓν
929 4212 1024 4293 Τεγέᾳ
1052 4211 1204 4280 πεσόντας
1231 4211 1357 4291 ἀριστῆς
1381 4210 1576 4290 Ἀθηναίους.

354 4316 533 4390 Utrumque
555 4316 720 4388 vitiosum,
750 4316 924 4388 utrumque
944 4313 1027 4372 enim
1050 4331 1098 4387 ep.
1120 4313 1221 4370 estin
1244 4312 1414 4386 TegeataS,
1445 4311 1499 4384 qui
1521 4326 1576 4384 pro

353 4414 455 4486 patria
483 4413 674 4472 ceciderunt.
709 4412 800 4471 Unde
827 4408 1056 4490 1111Ἕ11ηνες,
1086 4409 1119 4467 hi
1144 4406 1329 4486 ’Adqvcior't
1362 4407 1485 4476 Quodsi
1510 4407 1577 4465 iure
1673 4395 1676 4402 Α

353 4510 534 4570 Mnasalcae
561 4510 740 4568 adiudicavi
768 4509 963 4584 epigramma
994 4509 1066 4584 103,
1098 4508 1131 4566 id
1158 4524 1223 4565 una
1253 4523 1325 4566 cum
1351 4506 1578 4581 epigrammate

387 4731 433 4795 167)
468 4733 598 4782 llauvette
617 4748 639 4795 p.
652 4731 684 4782 87
703 4733 878 4796 Bergkiauam
897 4733 1143 4794 interpretationem
1161 4730 1316 4779 dubitanter
1333 4728 1452 4792 probavit
1469 4728 1576 4780 lectione

354 4823 444 4866 tamen
462 4812 713 4879 Ρ1111111111κάρτος
731 4821 843 4880 accepta.
