3546 5724
402 453 477 528 Cap.
502 454 544 512 ΙΙ.
994 455 1032 514 58

401 637 498 719 δῆλον
529 637 604 718 γάρ,
637 639 681 700 ὅτι
712 639 794 718 πρὸς
824 639 877 709 τὰς
909 640 1031 718 ἑταίρας
1063 638 1283 719 διαλεγόμενος
1314 640 1450 720 ἠγωνία,
1481 641 1573 703 ποῖόν
1601 665 1623 703 τι

400 736 571 816 φανήσεται
601 742 663 807 τοῖς
694 736 878 816 Κορινθίοις
907 737 942 800 τὸ
973 743 1114 817 πρᾶγμα.
1156 738 1311 799 πιστεύων
1344 736 1396 810 δέ,
1432 739 1479 807 ὡς
1509 740 1622 810 ἔοικεν,

400 833 494 903 αὐτὸς
515 835 603 916 αὑτῷ
622 836 793 916 πεποίηκεν
814 836 938 906 εὐθέως
963 837 1018 916 (ib.
1044 856 1073 898 v.
1100 837 1165 913 fal·

557 932 729 1012 διδάξαμεν
749 932 869 1014 χρυσὸν
890 934 1024 1014 καθορᾷ
1044 933 1186 1012 βασάνῳ.

401 1035 514 1108 Itaque
540 1033 605 1092 acri
633 1034 779 1094 acumine
806 1035 957 1093 intellexit
986 1034 1035 1092 vir
1060 1051 1207 1093 summus
1230 1033 1521 1110 Chamaeleontem,
1553 1053 1623 1093 cum

399 1132 577 1207 disputaret
605 1132 644 1191 de
665 1133 873 1207 Xenophonte
895 1132 1059 1192 Corinthio
1081 1133 1183 1207 deque
1204 1132 1424 1192 meretricibus
1445 1151 1464 1192 a
1486 1132 1623 1191 Pindaro

400 1229 580 1304 celebratis,
615 1247 697 1305 quas
724 1231 838 1290 Veneri
866 1231 1023 1307 pollicitus
1051 1233 1152 1306 esset,
1188 1231 1214 1289 si
1243 1231 1308 1289 voti
1336 1247 1465 1305 compos
1494 1231 1623 1290 victoria

400 1327 565 1402 Olympiae
591 1330 751 1403 reportata
779 1330 811 1388 in
841 1330 977 1406 patriam
1006 1330 1141 1405 rediret,
1162 1317 1374 1388 ¹recordatum
1395 1345 1465 1388 esse
1485 1346 1524 1387 ex
1546 1329 1623 1387 anti-

399 1425 511 1499 quiore
531 1429 632 1486 aetate
650 1427 841 1486 sacrificium
861 1428 1077 1503 Corinthium,
1103 1428 1154 1487 cui
1172 1444 1272 1502 aeque
1289 1427 1459 1486 affuissent
1478 1427 1623 1485 mulieres

399 1525 495 1597 atque
515 1543 588 1584 eum
609 1527 810 1601 perspexisse
830 1544 885 1586 eas
907 1545 970 1587 non
993 1528 1094 1586 fuisse
1115 1528 1312 1602 matronae,
1345 1527 1401 1584 sed
1422 1522 1620 1586 meretrices.

400 1622 469 1681 Hac
496 1623 529 1681 iu
556 1641 590 1682 re
614 1627 739 1684 tantum
761 1627 880 1685 erravit
902 1627 1106 1702 Chamaeleo,
1137 1629 1174 1684 ut
1194 1627 1357 1700 praeterea
1378 1625 1456 1682 vidit
1478 1623 1622 1682 Wilamo-

399 1719 484 1794 witz,
510 1722 596 1795 quod
620 1721 797 1797 ‘perperam
818 1742 835 1783 e
857 1741 934 1783 suae
952 1742 1068 1783 rursus
1087 1724 1199 1783 aetatis
1219 1741 1306 1782 more
1323 1722 1456 1797 quasvis
1474 1721 1623 1779 intellexit

399 1818 521 1892 puellas
538 1821 680 1880 Corinthi
700 1823 799 1880 artem
819 1823 1029 1881 meretriciam
1046 1819 1251 1897 exercentes’,
1273 1838 1345 1880 cum
1361 1820 1498 1878 fuissent
1514 1835 1624 1877 servae

399 1916 572 1994 Venereae,
593 1917 785 1997 ἱερόδουλοι,
810 1921 949 1996 ‘quaein
964 1924 1080 1998 templo
1095 1941 1168 1982 erae
1183 1940 1260 1982 suae
1274 1921 1467 1997 stipendium
1483 1921 1623 1995 corporis

399 2015 519 2076 faciunt
553 2021 583 2077 et
617 2019 650 2077 in
682 2020 781 2078 sacris
814 2021 900 2079 haud
932 2022 1022 2080 aliter
1054 2023 1149 2095 atque
1182 2020 1326 2080 Deliades
1359 2018 1425 2077 Deli
1456 2015 1621 2093 apparent’

401 2111 537 2189 (Wilam.
554 2117 674 2176 Comm.
690 2135 719 2192 p.
735 2114 779 2193 4).
805 2119 885 2178 Cum
907 2136 1006 2194 supra
1030 2118 1167 2178 vidimus
1192 2116 1226 2195 (ᾖ
1243 2114 1295 2193 29)
1319 2117 1485 2192 Ephorum
1507 2115 1620 2190 fuisse,

399 2213 454 2286 qui
482 2216 511 2272 et
539 2215 769 2291 epigrammata
796 2217 959 2277 Corinthia
981 2220 1083 2277 cetera
1105 2220 1135 2275 et
1156 2217 1216 2275 hoc
1236 2217 1433 2291 epigramma
1454 2232 1493 2272 ex
1515 2214 1623 2273 Corin·

399 2310 464 2368 thio
492 2312 579 2371 fonte
606 2314 718 2373 litteris
746 2316 921 2392 intulisset,
953 2317 981 2375 is
1006 2335 1146 2376 errorem
1168 2315 1366 2375 commisisse
1387 2314 1529 2388 videtur,
1561 2310 1642 2386 quo'

399 2409 547 2468 mulieres
576 2411 646 2470 illae
674 2430 791 2473 uxores
820 2415 1059 2474 Corinthiorum
1082 2415 1279 2490 significatae
1300 2415 1416 2471 essent.
1452 2411 1513 2480 Qui
1535 2429 1624 2470 error

399 2510 595 2582 propagatus
613 2513 717 2570 estex
736 2512 865 2587 Ephoro
883 2514 915 2572 in
932 2514 1189 2588 Theopompum,
1211 2512 1241 2570 in
1262 2511 1423 2570 Plutarchi
1442 2510 1561 2569 fontem
1578 2509 1620 2583 X,

398 2605 430 2661 in
453 2605 660 2667 Plutarchum
682 2610 798 2684 ipsum.

440 2703 508 2762 Hoc
534 2706 792 2780 splendidissimo
818 2709 1045 2768 Wilamowitzii
1070 2710 1201 2767 invento
1221 2704 1260 2783 31)
1289 2707 1366 2766 mihi
1388 2706 1543 2764 utendum
1565 2705 1624 2764 erit

398 2801 438 2858 ad
454 2803 670 2863 condicionem
683 2806 766 2864 inter
781 2807 976 2866 Athenaeum
993 2810 1088 2882 atque
1103 2809 1168 2865 tres
1184 2807 1355 2880 scriptores
1371 2805 1412 2863 ab
1426 2821 1462 2862 eo
1477 2803 1623 2862 laudatos

397 2898 642 2976 designandam
673 2922 754 2978 quae
782 2906 859 2964 mihi
887 2906 977 2964 aliter
1005 2923 1041 2964 ac
1070 2906 1139 2964 viro
1167 2906 1204 2964 cl.
1235 2903 1456 2963 constituenda
1485 2902 1620 2960 videtur.

398 2998 524 3056 Etenim
543 3000 745 3078 Chamaeleo,
771 3022 843 3062 cum
860 3021 900 3062 ex
919 3004 1015 3063 scolio
1034 3002 1202 3062 Pindarico
1219 3002 1425 3060 intellexisset
1442 2999 1623 3058 meretrices

397 3095 498 3154 fuisse
518 3114 646 3172 quoque
667 3117 736 3175 eas,
761 3119 843 3175 quae
864 3102 937 3160 belli
958 3102 1069 3160 Medici
1088 3100 1286 3176 temporibus
1302 3101 1455 3158 Venerem
1475 3097 1623 3173 precibus

397 3193 514 3254 adiisse
544 3197 765 3274 traderentur,
804 3201 1020 3258 narrationem
1052 3201 1156 3274 ipsam
1188 3216 1226 3258 ex
1259 3198 1438 3272 antiquiore
1470 3196 1624 3270 scriptore

397 3294 556 3368 cognitam
577 3296 724 3356 habuerit
746 3314 874 3356 necesse
895 3301 952 3356 est.
997 3297 1098 3365 Quem
1121 3298 1188 3356 sive
1210 3297 1377 3372 Ephorum
1397 3295 1498 3354 fuisse
1519 3294 1623 3352 dicen-

397 3391 474 3451 dum
502 3393 549 3450 est
577 3394 645 3452 sive
666 3395 906 3470 Theopompum
928 3396 996 3454 sive
1017 3395 1114 3454 alium
1136 3394 1313 3469 quendam,
1345 3393 1400 3468 qui
1422 3410 1489 3451 rem
1510 3410 1550 3451 cx
1571 3391 1623 3449 illo

398 3490 446 3547 vel
465 3489 524 3548 hoc
543 3491 696 3565 scriptore
713 3492 888 3551 derivatam
907 3493 1077 3551 exhiberet.
1104 3494 1150 3551 Ea
1169 3493 1208 3551 de
1222 3509 1318 3551 causa
1333 3493 1395 3550 iam
1411 3508 1467 3566 per
1483 3507 1517 3549 se
1532 3490 1623 3548 valde

397 3590 444 3646 est
463 3590 632 3648 verisimile
649 3591 905 3665 Theopompum,
928 3591 982 3666 qui
1001 3591 1149 3649 laudetur
1164 3591 1196 3648 iu
1214 3589 1366 3648 Athenaei
1384 3589 1512 3663 notitia,
1533 3588 1622 3646 illum

397 3686 497 3746 fuisse
512 3689 697 3763 scriptorem
714 3706 851 3762 eumque
865 3689 928 3747 iam
944 3706 961 3747 a
978 3689 1220 3748 Olramaeleonte
1234 3688 1304 3762 ipso
1321 3687 1494 3746 adductum
1509 3686 1619 3745 fuisse.

396 3785 485 3854 Quae
507 3787 686 3845 coniectura
709 3787 841 3846 certiore
862 3789 1051 3862 argumento
1073 3786 1202 3861 probari
1223 3787 1336 3860 potest.

436 3885 506 3942 Non
535 3884 618 3942 enim
646 3885 727 3943 forte
755 3885 883 3943 fortuna
913 3885 1031 3943 factum
1057 3902 1128 3943 esse
1149 3884 1289 3959 videtur,
1320 3883 1406 3958 quod
1428 3881 1623 3956 Theopompi

396 3981 612 4056 fragmentum
633 3982 765 4041 uberius
787 3983 819 4040 in
844 3982 978 4041 Scholiis
1001 3984 1164 4041 servatum
1185 3985 1233 4040 est
1252 3981 1292 4040 ad
1309 3981 1447 4039 eundem
1464 3980 1623 4055 hymnum

397 4079 598 4154 Olympicum
629 4078 755 4158 (XIII),
791 4082 882 4139 cuius
911 4081 1076 4139 exordium
1103 4081 1290 4139 laudaverat
1320 4080 1516 4140 Chamaeleo.
1553 4078 1623 4146 Quo

396 4178 530 4252 accedit,
565 4179 651 4252 quod
682 4180 723 4237 ad
754 4179 892 4253 priorem
924 4181 1046 4254 partem
1079 4178 1269 4254 sententiae,
1304 4177 1345 4236 ad
1376 4177 1467 4236 cuius
1499 4178 1623 4251 partem

396 4275 603 4349 posteriorem
624 4279 709 4335 extat
733 4276 882 4337 Scholion
904 4277 1086 4351 laudatum,
1111 4276 1278 4351 explicatio
1292 4277 1324 4334 in
1343 4275 1478 4334 Scholiis
1493 4275 1619 4351 legitur,

397 4430 555 4438 —..

429 4527 463 4589 31)
499 4527 572 4588 Quod
596 4543 612 4576 a
629 4528 740 4591 Pregero
758 4533 839 4592 atque
858 4529 999 4577 llnuvettio
1018 4533 1155 4591 acceptum
1174 4543 1226 4577 nou
1244 4543 1301 4578 esse
1320 4529 1383 4577 satis
1402 4527 1491 4576 mirari
1510 4541 1622 4590 nequeo.

397 4613 492 4675 Preger
509 4618 644 4676 praeterea
660 4613 737 4661 finxit
752 4617 884 4662 matronas
899 4614 968 4676 ipsas
984 4614 1123 4662 donarium
1139 4615 1285 4676 dedicasse,
1304 4628 1355 4662 non
1372 4611 1529 4661 Corinthios.
1548 4611 1623 4673 Legit

395 4699 465 4747 enim
489 4693 542 4746 oi'd’
565 4734 569 4745 .
591 4735 595 4745 .
616 4735 620 4745 .
642 4735 646 4745 .
671 4695 780 4747 ἔστασαν
803 4697 884 4762 (quod
911 4703 1014 4761 poetam
1040 4714 1086 4762 pro
1110 4695 1220 4762 ἔστησαν
1241 4699 1335 4748 dixisse
1353 4702 1455 4759 censet,
1480 4697 1512 4747 cl.
1531 4694 1622 4759 5120)

396 4782 553 4846 putavitque
571 4783 734 4847 inscriptioni
751 4783 880 4832 adiectam
897 4783 977 4832 fuisse
992 4783 1087 4832 seriem
1103 4779 1250 4832 ‘nominum
1264 4783 1407 4832 mulierum
1419 4779 1621 4831 dedicantium.
