3546 5724
408 517 483 591 Cup.
510 516 534 574 I.
999 515 1036 572 22

448 704 560 777 Itaque
574 702 616 763 illi
632 719 760 777 quoque
774 719 846 761 eum
861 701 1029 776 Spartiatis
1045 704 1141 775 atque
1153 699 1402 776 Thespiensibus
1417 699 1458 758 ad
1473 700 1631 758 tumulum

407 819 441 860 se
462 801 618 875 recepisse
638 799 745 874 ibique
766 798 807 858 ad
829 816 930 857 unum
952 815 1062 858 omnes
1083 798 1242 857 interiisse
1264 798 1397 873 putandi
1420 799 1506 857 sunt.
1553 799 1631 858 Con·

407 898 603 958 stituendum
635 899 740 956 autem
772 900 841 955 tum
871 898 920 955 est
951 914 1004 956 eos
1037 913 1165 970 quoque
1192 896 1233 954 ab
1261 895 1580 986 AmphictyonibuS,x
1598 900 1633 955 ut

409 996 587 1071 Spartiates
608 997 638 1054 et
659 994 888 1070 Thespienses,
914 991 1090 1071 peculiari
1110 994 1202 1068 cippo
1224 994 1396 1053 honoratos
1417 1011 1497 1053 esse.
1533 995 1632 1054 Cuius

407 1092 603 1152 monumenti
625 1093 809 1151 memoriam
831 1091 863 1150 in
885 1092 1071 1167 traditione,
1096 1109 1179 1165 quae
1202 1091 1364 1151 Herodoto
1385 1094 1512 1167 praesto
1530 1095 1629 1166 esset,

406 1191 541 1250 deletam
572 1207 662 1265 esse,
702 1207 765 1248 non
798 1190 970 1264 miramur,
1008 1190 1064 1264 qui
1097 1189 1272 1248 viderimus
1303 1191 1335 1248 in
1367 1189 1419 1249 illa
1451 1191 1500 1248 vel
1531 1190 1632 1249 iustos

406 1288 650 1364 Thespiensium
671 1288 809 1347 honores
831 1289 932 1347 fuisse
953 1289 1123 1363 neglectos
1158 1288 1197 1345 In
1219 1305 1255 1346 ea
1277 1290 1384 1347 autem
1406 1288 1574 1347 traditione
1594 1303 1632 1346 ex

406 1387 549 1462 quinque
579 1386 680 1461 cippis
712 1385 810 1444 trium
841 1388 967 1446 tantum
999 1386 1151 1445 memoria
1184 1388 1250 1444 crat
1284 1385 1428 1461 prodita,
1467 1383 1632 1462 Pelopon-

406 1481 599 1559 nesiorum,
629 1481 910 1560 Spartc'ataram,
941 1481 1124 1560 Mepieiiae
1143 1480 1250 1558 vatis,
1276 1481 1311 1548 ὃς
1332 1480 1399 1542 τότε
1420 1487 1522 1561 κῆρας
1542 1481 1631 1560 ἐπερ-

406 1579 543 1660 χομένας
563 1579 651 1658 capa
673 1579 766 1647 εἰδὼς
787 1579 847 1640 οὐκ
869 1578 938 1658 ἔτλη
960 1577 1151 1658 Σπάρτης
1173 1577 1331 1659 ἡγεμόνας
1351 1578 1523 1658 προλιπεῖν.
1553 1583 1632 1640 Eam

406 1679 506 1738 tuisse
527 1677 658 1755 Sparta
678 1679 848 1738 oriundam
871 1679 925 1736 vix
946 1679 1079 1738 lectores
1101 1678 1251 1737 monendi
1273 1681 1359 1737 sunt.

446 1777 484 1835 In
506 1777 718 1852 paragraphis
740 1776 950 1850 sequentibus
972 1793 1059 1835 nunc
1079 1776 1301 1835 demonstrare
1321 1777 1476 1836 conabor:

446 1891 477 1934 α.
511 1875 639 1933 aliunde
654 1892 781 1950 quoque
796 1876 942 1934 constare
954 1872 1152 1951 quicquain
1164 1875 1385 1950 Thermopylis
1397 1875 1497 1933 fuisse
1508 1874 1631 1949 cippos;

447 1971 476 2031 b.
511 1974 580 2032 aliis
609 1974 807 2049 argumentis
836 1972 1154 2048 comprobari'posse
1176 1974 1374 2034 Herodotum
1397 1975 1541 2032 secutum
1563 1990 1633 2031 esse

406 2072 606 2130 traditionem
630 2069 854 2147 Spartanam.

447 2168 467 2245 ξ
492 2169 537 2228 16.
584 2167 635 2228 Dc
666 2166 821 2246 qaiapae
851 2166 972 2245 cippis.
1017 2169 1110 2238 Quod
1142 2170 1295 2245 suspicati
1327 2187 1440 2228 sumus
1472 2169 1505 2227 in
1536 2169 1631 2227 Ther-

407 2267 542 2342 mopylis
574 2268 717 2341 quinque
748 2259 890 2326 erititisse
921 2267 1050 2342 cippos,
1089 2267 1144 2342 qui
1176 2268 1208 2325 in
1243 2267 1498 2342 Spartiatarum,
1537 2267 1632 2325 Thes·

406 2365 584 2440 piensium,
618 2366 864 2439 Thebanorum,
898 2365 1081 2441 Megistiae,
1117 2365 1420 2440 Peloponnesiorum
1449 2365 1633 2424 memoriam

406 2463 516 2520 statuti
549 2463 702 2539 tuissent,
737 2463 769 2521 id
801 2464 932 2538 antiquo
963 2463 1142 2523 testimonio
1174 2464 1394 2522 confirmatur.
1432 2463 1547 2522 Strabo
1575 2463 1629 2520 IX.

406 2561 434 2618 4.
466 2560 484 2618 2
513 2579 545 2635 p.
569 2561 644 2635 425,
679 2561 733 2619 ubi
761 2561 801 2619 de
829 2561 960 2620 Locride
988 2561 1129 2636 Opuntia
1156 2561 1300 2636 disserit,
1335 2562 1413 2621 haec
1439 2563 1479 2619 de
1506 2561 1633 2634 Opunte

407 2658 487 2716 urbe
505 2659 614 2717 habet:
633 2655 651 2716 ὁ
670 2656 700 2717 δ’
717 2656 838 2724 Ὀποῦς
855 2657 915 2718 εὀτι
933 2655 1138 2737 μητρόπολις,
1160 2656 1310 2735 καθάπερ
1327 2656 1380 2717 καὶ
1397 2656 1432 2717 ιδ
1450 2656 1632 2735 ἐπίγραμμα

344 2829 346 2836 γ
408 2753 501 2832 δηλοῖ
524 2753 559 2815 τὸ
587 2754 636 2815 ε’πὶ
664 2761 699 2834 τῇ
727 2755 838 2835 πρώτῃ
867 2759 930 2815 τῶν
957 2755 1073 2816 πέντε
1100 2753 1223 2834 στηλῶν
1248 2759 1311 2815 τῶν
1330 2753 1401 2833 περὶ
1423 2752 1634 2834 Θερμοπύλας

408 2851 678 2931 ἐπιγεγραμμένον
698 2851 780 2930 πρὸς
800 2859 846 2931 τῷ
866 2852 1070 2932 πολυανδρίῳ
1095 2854 1200 2929 (Preg.
1225 2854 1267 2912 20-
1286 2879 1325 2902 =
1348 2854 1425 2913 Sim.
1450 2853 1516 2929 93)·

565 2950 771 3012 rationemve
793 2951 972 3030 φιλιμένοος
995 2950 1072 3029 ὑπὲρ
1090 2949 1239 3018 Ἑλλάδος
1261 2949 1346 3011 ἀντία
1369 2948 1497 3029 Μήδιον

643 3048 836 3130 μητρόπολις
858 3049 998 3129 Λοκρῶν
1019 3047 1212 3125 εὐδονόμαιν
1229 3047 1363 3116 ’(λπόεις.

405 3149 508 3218 Quam
544 3151 781 3209 annotationem
816 3151 988 3209 literarium
1027 3150 1217 3209 Strabonem
1253 3151 1400 3208 hausisse
1435 3151 1559 3209 constat
1595 3167 1633 3207 ex

404 3248 585 3323 Apollodori
617 3249 851 3308 Commentario
879 3249 911 3307 in
941 3249 1143 3307 Homericam
1173 3249 1303 3306 navium
1333 3248 1548 3307 recensionem
1579 3246 1634 3323 (ad

407 3461 462 3511 ilar.
481 3461 559 3510 lael:
578 3461 717 3510 Thebanos
736 3462 816 3510 luisse
835 3462 903 3510 inter
921 3476 979 3524 eos,
997 3462 1044 3525 qui
1062 3462 1171 3510 domum
1191 3463 1331 3511 rediissent
1348 3460 1391 3522 (el.
1411 3460 1496 3524 nal),
1515 3466 1634 3510 attamen

329 3535 333 3543 ’
407 3545 484 3593 tidem
510 3561 561 3593 non
586 3547 768 3610 denegandam
787 3562 844 3595 esse
864 3547 1024 3596 Herodoteae
1045 3547 1187 3596 narrationi
1206 3548 1238 3595 de
1257 3547 1500 3610 proditionemque
1519 3547 1634 3609 [testig-

406 3630 484 3678 matis
508 3645 530 3692 p.
549 3630 611 3680 :lotz
636 3628 711 3680 ‘nous
736 3647 768 3679 ne
795 3646 892 3694 royons
916 3647 961 3693 pas
983 3631 1047 3694 qu'il
1072 3647 1088 3694 y
1115 3631 1152 3680 ait
1176 3631 1226 3680 lieu
1252 3631 1284 3679 de
1309 3630 1414 3679 reenser
1437 3632 1461 3680 le
1486 3632 1534 3679 tait
1554 3631 1634 3680 d'une

405 3714 522 3764 trabison
547 3715 593 3764 des
615 3715 747 3766 Tlrdbnins
771 3731 821 3764 rum
846 3715 965 3778 'rhei-nn,
990 3720 1017 3765 et
1040 3716 1102 3764 d'un
1127 3715 1277 3765 claritiment
1300 3714 1316 3763 a
1338 3731 1388 3764 eux
1414 3715 1502 3779 intlige
1527 3731 1573 3779 [rar
1596 3716 1635 3765 les

407 3799 504 3848 l'crses.
530 3799 609 3862 Mais,
632 3816 734 3850 eonrme
760 3816 826 3851 nous
850 3816 930 3849 avons
954 3801 1038 3849 admis
1062 3801 1121 3863 plus
1146 3802 1212 3850 liant
1229 3800 1264 3862 (p.
1282 3798 1343 3862 3132)
1361 3815 1413 3864 qne
1432 3802 1470 3849 les
1487 3800 1635 3863 Thebains,

405 3884 512 3934 arnensis
535 3885 566 3933 de
591 3887 660 3935 soree
686 3901 731 3948 pm
756 3884 900 3943 leonidas,
925 3885 1057 3933 n'avaient
1076 3901 1120 3948 'aas
1138 3885 1173 3932 dir
1192 3886 1247 3933 etre
1267 3890 1375 3934 ratenus
1392 3885 1424 3933 de
1443 3884 1512 3934 force
1530 3899 1577 3947 par
1595 3887 1634 3934 lui

404 3983 437 4017 aa
463 3970 567 4018 dernier
591 3974 722 4032 moment,
746 3970 762 4017 il
790 3970 848 4018 saut
865 3985 991 4032 supposer
1008 3984 1060 4033 qne
1079 3969 1255 4018 l'dvenement
1274 3985 1307 4018 ne
1325 3984 1353 4018 se
1372 3983 1446 4032 passa
1464 3983 1509 4031 pas
1528 3974 1634 4018 exacte-

406 4058 479 4100 ment
500 4067 602 4102 cerrima
627 4054 650 4101 le
674 4059 794 4117 rapporte
820 4054 961 4104 llerodote:
986 4070 1015 4103 ee
1033 4054 1080 4117 qui
1099 4069 1166 4103 nous
1184 4054 1271 4116 paruit
1289 4054 1410 4103 ressortir
1427 4058 1508 4101 avant
1525 4057 1585 4102 tout
1602 4054 1635 4102 de

371 4153 376 4157 ·
404 4141 473 4184 cette
496 4137 638 4198 anecdota,
662 4139 725 4187 e'est
749 4139 854 4187 d‘abord
878 4141 902 4188 le
927 4139 975 4188 fait
998 4139 1077 4187 d'une
1102 4138 1214 4200 rudprise
1238 4139 1283 4187 des
1303 4139 1392 4187 Perses
1410 4155 1443 4187 an
1463 4145 1582 4189 moment
1599 4141 1633 4188 ob

405 4222 442 4269 les
464 4221 597 4270 'illibatus
620 4222 798 4284 s'avuneaicnt
821 4238 880 4272 vers
903 4239 954 4272 erm
979 4238 1081 4272 cornmc
1104 4223 1187 4285 amis,
1211 4229 1239 4272 et
1256 4224 1360 4273 ensuite
1379 4225 1447 4272 celui
1466 4224 1530 4274 d'un
1547 4225 1635 4274 chati-

406 4311 479 4354 ment
497 4305 586 4369 inlligd
605 4322 650 4368 par
668 4307 767 4356 Xerxes
784 4323 834 4356 rtur
853 4307 999 4370 'l'lrdbairm,
1019 4322 1084 4370 pom·
1102 4307 1180 4356 s'etre
1195 4308 1278 4369 joirrts
1296 4307 1312 4357 ir
1330 4307 1437 4358 l'armde
1455 4308 1487 4358 dc
1505 4308 1635 4358 leonidas

404 4390 480 4452 apres
498 4392 570 4439 arcii·
587 4390 645 4455 ‹leja
665 4393 712 4440 luit
730 4398 787 4441 ¹acte
806 4394 837 4442 de
855 4392 1029 4442 soumission'.

439 4476 467 4523 ln
494 4491 596 4538 pugnae
619 4478 795 4538 expositione,
819 4493 900 4540 qnmn
926 4477 1054 4540 praebent
1078 4479 1322 4542 Riistow-lilichly
1347 4484 1374 4528 et
1398 4479 1548 4529 Welzlrofer
1570 4480 1635 4540 (vid.

404 4557 467 4618 §la
486 4576 510 4609 n.
528 4559 585 4620 aa),
609 4575 672 4609 sarie
696 4560 829 4610 'l'bebanis
853 4562 942 4611 invitis
961 4564 1072 4611 retentis
1089 4563 1196 4623 (lt-li.
1217 4579 1240 4624 p.
1258 4562 1304 4612 oo:
1323 4560 1431 4612 ‘welche
1449 4564 1484 4613 im
1505 4565 1635 4613 bbobsten

405 4643 489 4693 Grada
517 4646 714 4708 urrzuverliissig
740 4661 841 4709 averren,
868 4647 951 4695 durch
979 4647 1157 4710 Arrzettelung
1185 4663 1233 4696 von
1259 4648 1370 4697 Verrath
1398 4649 1450 4697 und
1477 4648 1635 4698 Zwietracbt

404 4729 455 4777 den
482 4729 606 4792 Rliekzug
629 4730 774 4792 geliihrden
799 4731 931 4794 konnten,
957 4747 1033 4781 wenn
1052 4733 1089 4781 sie
1109 4732 1260 4796 mitzogeu’)
1283 4739 1365 4796 atque
1383 4733 1414 4782 ad
1434 4734 1525 4783 Persas
1543 4735 1635 4796 periu-

404 4813 538 4875 gicntibus
555 4815 629 4864 locus
647 4820 695 4864 est.
713 4814 752 4864 cf.
772 4815 922 4866 Welzlrofer
939 4832 963 4879 p.
981 4816 1031 4865 ⁴568
1048 4823 1075 4865 ct
1092 4815 1148 4865 ull.
