3546 5724
407 463 483 543 (lap.
509 463 534 526 I.
1001 460 1038 525 ia

445 655 559 731 Itaque
587 655 619 714 in
648 671 684 714 ea
710 653 894 730 traditione,
925 671 1023 730 quam
1045 656 1174 714 secutus
1195 656 1243 714 est
1265 654 1464 731 HerodotuS,
1495 657 1626 730 quartus

405 754 537 830 cippus,
575 754 608 812 in
640 753 882 828 Thespiensium
918 753 1101 812 memoriam
1134 755 1293 829 statutuS,
1332 771 1527 829 suppressus
1560 772 1628 813 esse

405 853 547 927 videtur,
576 869 692 926 resque
712 852 755 910 ita
777 852 955 927 proposita,
980 852 1073 926 quasi
1094 853 1127 910 in
1150 852 1454 926 Peloponnesiorum
1476 853 1626 928 epigram·

405 953 488 1009 mate
516 967 580 1008 una
608 967 681 1008 cum
709 949 770 1007 illis
792 949 1004 1024 Thespienses
1025 951 1131 1008 essent
1153 950 1309 1008 honorati.
1344 951 1383 1008 In
1405 969 1441 1010 ea
1463 952 1627 1010 traditione

404 1050 530 1107 tantum
551 1048 765 1106 servabantur
786 1048 1015 1122 epigrammata
1037 1047 1069 1104 in
1092 1047 1356 1123 Peloponnesios,
1381 1049 1413 1106 in
1432 1048 1623 1124 Spartiatae,

404 1146 437 1205 in
466 1146 660 1221 Megistiam,
692 1145 728 1211 ὃς
754 1190 760 1203 .
787 1191 793 1203 .
821 1190 827 1202 .
854 1189 860 1203 .
891 1143 951 1204 οὐκ
973 1142 1042 1222 ἔτλη
1064 1141 1255 1222 Σπάρτης
1277 1143 1435 1223 ἡγεμόνας
1455 1143 1624 1223 προλιπεῖν.

445 1245 513 1303 Iam
542 1243 745 1302 tractandum
772 1242 848 1300 mihi
869 1244 937 1300 erat
958 1242 997 1301 de
1018 1242 1116 1301 altera
1138 1245 1247 1317 gente,
1278 1259 1375 1316 quam
1397 1261 1469 1302 eum
1492 1246 1627 1304 Leonida

405 1342 598 1401 remansisse
617 1341 714 1399 tradit
736 1340 935 1414 Herodotus,
961 1340 1022 1399 nisi
1039 1340 1129 1414 prius
1148 1340 1340 1399 eliminanda
1359 1344 1442 1400 esset
1457 1343 1627 1402 difficultas

404 1441 436 1498 in
468 1439 711 1514 Thespiensium
743 1438 941 1513 narratione,
977 1455 1060 1512 quae
1090 1437 1338 1513 disputationem
1371 1457 1472 1498 meam
1504 1457 1627 1499 ornnem

405 1538 590 1597 subvertere
612 1537 782 1595 videretur.
807 1537 862 1594 Vir
883 1537 968 1594 enim
989 1538 1023 1594 in
1045 1536 1223 1611 strategidis
1245 1537 1468 1613 peritissimus,
1494 1538 1534 1596 H.
1561 1539 1627 1597 Del-

403 1636 522 1710 briick,
554 1635 609 1709 qui
636 1634 792 1709 imprimis
821 1633 985 1708 copiarum
1014 1634 1156 1692 numeris
1177 1634 1303 1693 traditis
1325 1634 1402 1708 quid
1423 1634 1628 1694 tribuendum

404 1735 487 1792 esset
511 1732 721 1806 examinavit,
753 1732 881 1807 negavit
903 1731 1113 1806 Thespienses
1135 1732 1264 1790 omnino
1286 1732 1420 1807 proelio,
1451 1733 1537 1806 quod
1558 1737 1628 1807 post

404 1833 580 1889 ceterarum
602 1831 744 1905 gentium
764 1832 924 1904 receptum
943 1830 1150 1889 commissum
1168 1834 1267 1905 esset,
1292 1831 1476 1889 interfuisse
1494 1832 1627 1890 censuit-

403 1947 466 2004 que
488 1928 685 1988 Herodoteae
706 1927 881 1987 narrationi
903 1928 1000 1987 fidem
1020 1945 1091 1986 esse
1111 1929 1345 2004 derogandam,
1373 1929 1458 2002 quod
1480 1930 1628 2004 septin-

404 2027 540 2102 gentis
564 2025 645 2103 (cap.
670 2024 742 2103 202)
766 2026 919 2084 militibus
934 2027 1043 2102 gravis
1058 2030 1292 2086 armaturae-
1307 2027 1428 2102 ingenti
1443 2045 1576 2086 numero
1591 2059 1629 2069 -

403 2126 615 2200 Thespienses
629 2125 763 2183 affuisse
775 2125 814 2183 ad
827 2125 1057 2200 Thermopylas
1069 2125 1229 2184 dicuntur.
1248 2127 1329 2184 Ecce
1341 2125 1401 2183 viri
1413 2125 1449 2184 cl.
1465 2125 1562 2184 verba
1572 2125 1627 2200 24);

407 2222 457 2282 ‘ist
479 2224 577 2282 sehon
600 2222 651 2281 die
672 2223 895 2298 Aufoplerun'g
915 2223 971 2281 der
995 2223 1192 2298 Spartiaten,
1217 2223 1268 2281 die
1288 2223 1379 2282 einen
1403 2223 1629 2298 Kriegerstand

403 2320 526 2399 bilden,
557 2320 626 2378 eine
648 2320 729 2378 That
751 2338 813 2378 von
835 2321 915 2395 ewig
935 2320 1195 2396 denkwiirdigem
1218 2321 1425 2396 Heroismus,
1451 2338 1486 2379 so
1508 2321 1629 2380 seheint

403 2418 454 2476 die
487 2419 661 2493 freiwillige
692 2418 899 2477 Theilnahme
932 2419 988 2476 der
1020 2419 1230 2495 Biirgermiliz
1261 2418 1347 2477 einer
1379 2419 1503 2477 kleinen
1538 2418 1628 2478 Stadt

403 2516 484 2575 iiber
518 2516 748 2576 menschliches
779 2517 957 2592 Vermbgen
992 2517 1264 2593 hinauszugehen.
1311 2519 1392 2575 Dass
1426 2516 1495 2575 eine
1530 2533 1630 2592 ganzo

406 2613 497 2673 stadt
519 2632 581 2673 von
605 2614 732 2672 solchen
756 2614 879 2672 Helden
900 2615 1047 2674 bewohnt
1068 2615 1147 2673 wird
1168 2649 1204 2656 -
1228 2615 1318 2673 mehr
1336 2615 1384 2673 als
1403 2614 1461 2673 700
1480 2615 1628 2688 Hopliten

403 2712 490 2770 kann
518 2712 569 2771 ein
600 2711 772 2770 Stiidtchen
801 2713 858 2770 wie
886 2712 1023 2788 Thespiai
1049 2713 1196 2788 garnicht
1218 2713 1335 2788 gehabt
1356 2712 1460 2771 haben
1482 2713 1629 2770 —kann

404 2827 477 2868 man
513 2810 569 2869 aui
602 2811 660 2869 das
694 2810 850 2885 Zeugniss
884 2811 971 2869 einer
1002 2810 1261 2886 legendarischen
1295 2793 1539 2885 Uberlieferung
1574 2810 1628 2867 hin

403 2908 490 2967 nicht
518 2909 708 2967 annehmen.
745 2909 807 2966 Der
836 2909 1120 2983 Znsammenhang
1147 2909 1267 2967 kiinnte
1287 2908 1344 2966 der
1366 2907 1450 2982 sein,
1482 2908 1558 2966 dass
1580 2908 1630 2966 die

404 3005 517 3064 Persen
545 3005 596 3064 die
623 3006 775 3082 Thespier
803 3007 859 3066 auf
886 3008 958 3065 dem
987 3007 1142 3082 Riickzug
1170 3007 1251 3065 noch
1273 3006 1431 3081 eingeholt
1452 3005 1520 3063 und
1541 3006 1626 3080 hier,

402 3103 443 3162 da
465 3104 510 3162 sie
531 3103 598 3162 sich
620 3104 776 3179 wehrten,
802 3105 1057 3180 niedergemacht
1078 3103 1205 3163 haben’.

443 3202 481 3260 At
503 3202 685 3277 videamus,
711 3219 788 3260 num
810 3203 861 3261 hic
882 3204 992 3262 saltem
1015 3203 1129 3278 ingens
1151 3220 1306 3261 numerus
1327 3202 1480 3260 debeatur
1498 3218 1630 3276 corrup·

402 3299 482 3358 telae
508 3300 757 3375 Herodotusque
777 3300 845 3374 ipse
866 3301 973 3375 copias
995 3301 1240 3376 Thespiensium
1262 3300 1428 3375 pauciores
1449 3299 1626 3358 tradiderit.

402 3395 547 3464 Quorum
584 3398 710 3456 numeri
748 3415 825 3457 sane
863 3399 937 3472 alia¹
960 3399 1088 3458 traditio
1123 3402 1231 3458 extare
1267 3416 1331 3456 non
1368 3397 1508 3456 videtur:
1547 3399 1630 3456 tacet

404 3495 577 3570 Diodorus,
609 3497 693 3570 apud
723 3513 818 3571 quem
848 3495 916 3573 (XI.
944 3495 975 3571 4)
1006 3497 1038 3554 in
1067 3497 1214 3571 Ephorea
1243 3496 1437 3556 Graecorum
1465 3495 1630 3570 copiarum

402 3594 640 3653 enumeratione
667 3593 782 3653 infelici
811 3611 889 3652 casu
917 3594 1160 3669 Thespiensium
1190 3611 1344 3653 numerus
1366 3593 1494 3665 excidit;
1524 3595 1631 3650 tacent

402 3692 592 3766 posteriores
628 3693 799 3767 scriptores
834 3693 959 3766 praeter
994 3692 1188 3752 Pausaniam
1225 3691 1275 3768 (X.
1314 3691 1362 3749 20.
1387 3688 1437 3767 2),
1476 3689 1531 3765 qui
1566 3691 1630 3748 iam

402 3791 487 3865 apud
513 3791 711 3850 Herodotum
733 3788 912 3850 ἑπτακόσιοι
933 3791 1022 3866 legit;
1051 3793 1155 3850 tacent
1176 3789 1320 3849 hodierni
1343 3788 1471 3861 Busolt,
1504 3788 1628 3862 Meyer,

404 4029 466 4085 pum
489 4021 533 4084 (cl.
552 4021 564 4083 ξ
581 4022 614 4072 ol
634 4039 657 4072 n.
676 4022 727 4084 58).
756 4024 810 4072 Nisi
829 4037 901 4071 error
918 4023 1003 4072 subsit
1020 4023 1047 4071 in
1065 4023 1184 4085 nomine,
1210 4021 1342 4070 Philiados
1359 4036 1390 4069 ex
1408 4021 1440 4069 iis
1457 4025 1515 4069 erat
1532 4021 1632 4082 poclis,

312 4133 315 4138 v
401 4124 529 4170 quorum,
545 4123 708 4171 quamquam
725 4123 768 4156 eos
784 4109 810 4156 in
827 4109 945 4170 catalogo
960 4105 1022 4168 (ΑΡ.
1033 4106 1110 4168 lvd)
1126 4121 1177 4154 non
1194 4106 1422 4168 commemoravit,
1438 4106 1633 4168 epigrammata

402 4193 440 4241 vel
472 4208 601 4255 perpauca
626 4195 666 4241 vel
694 4208 777 4241 uuum
806 4194 903 4256 recepit
929 4193 1067 4254 Meleager.
1103 4191 1214 4240 Carmen
1242 4192 1477 4240 demonstrativum
1505 4205 1562 4238 esse
1591 4192 1633 4238 vel

333 4297 339 4308 ¹
401 4291 431 4324 ex
460 4278 566 4325 nomine
590 4281 680 4339 poetae
704 4277 794 4325 addito
817 4277 957 4340 suspiceris
981 4275 1024 4336 (cl.
1049 4291 1118 4340 quae
1141 4277 1173 4324 de
1197 4277 1308 4338 antiquo
1333 4275 1532 4338 epigrammatis
1556 4278 1631 4322 statu

401 4362 531 4424 disputavi
558 4360 570 4420 ,S
596 4361 652 4424 19);
683 4378 770 4425 neque
797 4365 907 4411 lectores
934 4377 1041 4410 monere
1068 4377 1173 4410 necesse
1200 4365 1242 4408 est
1267 4361 1465 4424 epigrammatis
1490 4360 1632 4408 exordium

401 4446 498 4494 deesse.
519 4447 641 4494 Brunckii
660 4448 730 4495 enim
749 4448 900 4495 coniectura
918 4443 959 4493 τοί
975 4462 1019 4508 pro
1037 4442 1068 4494 θ’
1083 4443 1112 4493 οῖ’
1126 4461 1231 4505 prorsus
1247 4445 1377 4494 reicienda
1392 4451 1439 4493 cst.
1458 4443 1523 4492 Mire
1537 4449 1632 4494 autem

402 4530 498 4592 Preger
520 4529 576 4591 (23)
600 4532 653 4593 ipse
677 4532 807 4579 distichon
826 4532 898 4593 prius
918 4532 978 4579 huic
996 4531 1132 4594 posteriori
1152 4530 1254 4578 alllnxit
1272 4535 1376 4592 recepta
1395 4536 1484 4578 tarrren
1505 4529 1633 4576 llrunclrii

401 4615 520 4663 lectione.
547 4615 674 4679 Carnncn,
700 4617 768 4678 quod
798 4631 887 4664 revera
912 4616 1114 4678 Thespiensium
1141 4615 1214 4678 cippo
1241 4615 1319 4662 incidi
1344 4616 1480 4662 iusserunt
1503 4613 1633 4676 Amphic-

401 4705 508 4761 troneS,
526 4699 673 4748 Simonides
691 4701 838 4763 corrrposuil
855 4699 898 4760 (cl.
918 4698 930 4760 ᾗ
948 4699 1000 4761 18).

433 4781 469 4844 24)
504 4783 597 4834 Gesclr.
616 4784 661 4832 der
679 4783 861 4847 liriegskunst.
881 4785 946 4834 Berl.
965 4783 1038 4834 1900.
1057 4785 1109 4848 lp.
1128 4783 1168 4833 67.
