3572 5716
381 486 457 567 cap.
482 483 550 567 III,
576 485 623 552 19.
964 485 1021 552 176

420 695 451 739 a.
497 679 586 748 Quae
612 696 683 754 epp.
712 696 872 754 anonyma
901 697 940 738 ex
969 679 1198 756 scriptoribus,
1231 679 1286 756 qui
1307 683 1381 740 01110
1403 680 1605 742 (lolleotorem

381 778 549 851 vixerunt,
590 779 717 847 serrata
755 780 832 836 sunt
869 776 939 854 (A),
981 778 1014 836 in
1051 779 1145 837 Anth.
1185 779 1252 838 Pal.
1290 783 1397 838 autem
1435 779 1605 839 Simonidis

380 875 508 933 nomine
535 874 690 934 instructa
719 877 815 950 atque
843 876 1031 950 plerumque
1052 876 1085 934 in
1105 878 1194 935 textu
1217 878 1340 936 mutato
1360 877 1513 952 leguntur
1536 877 1602 955 (S),

380 990 416 1031 ea
444 972 476 1030 in
503 972 564 1030 ΑΡ.
593 989 632 1030 ex
660 973 730 1047 ipsa
761 973 889 1049 Sylloge
919 974 1100 1033 Simoniden
1129 977 1304 1050 propagata
1333 975 1492 1034 censenda
1519 978 1602 1034 sunt.

381 1071 428 1130 cf.
452 1068 472 1147 5
494 1069 542 1129 99.

420 1167 449 1228 b.
495 1170 624 1228 Praeter
655 1187 725 1244 epp.
759 1168 941 1230 Simonidea
973 1171 1117 1246 dispersa
1149 1172 1211 1230 AP.
1243 1173 1382 1231 continet
1413 1172 1512 1230 series
1544 1172 1605 1246 epi-

380 1269 595 1342 grammatum
629 1266 883 1327 Simonideorum
916 1270 1084 1328 continuas
1115 1272 1180 1328 tres
1214 1268 1285 1346 (VI.
1317 1269 1495 1340 212--217;
1529 1267 1602 1328 VII.

380 1364 539 1424 248—258
559 1365 670 1440 paucis
692 1366 802 1425 alienis
820 1383 890 1441 epp.
911 1367 1116 1440 intermixtis;
1140 1366 1214 1427 VII.
1230 1365 1413 1442 507-516).
1439 1367 1606 1441 Inquiren-

380 1464 457 1521 dum
478 1464 526 1521 est
547 1463 703 1538 primum,
728 1481 807 1522 num
829 1465 1005 1540 sive-epp,
1030 1454 1115 1540 quae
1134 1465 1166 1523 hi
1187 1466 1315 1525 ordines
1337 1465 1603 1539 complectuntur,

380 1561 486 1619 omnia
518 1560 586 1618 sive
617 1561 728 1619 saltem
758 1578 870 1619 eorum
898 1562 1030 1620 nucleus
1059 1579 1116 1637 per
1144 1562 1353 1636 Meleagream
1382 1562 1539 1620 Coronam
1569 1578 1606 1619 ex

382 1658 510 1734 Sylloge
540 1656 617 1717 Sim.
645 1659 678 1716 111
701 1659 793 1717 Α11111.
816 1659 913 1733 (leph.
935 1661 1031 1734 atque
1052 1659 1118 1717 Pal.
1140 1652 1337 1735 pervenerit,
1367 1657 1497 1734 deinde,
1529 1676 1606 1717 num

380 1757 440 1815 alia
471 1755 669 1831 Simoniden,
700 1756 732 1814 111
761 1756 824 1815 AP.
852 1773 916 1815 non
937 1757 1075 1832 amplius
1096 1757 1253 1831 extantia,
1284 1759 1358 1815 ante
1380 1757 1552 1832 Cephalam
1574 1757 1605 1814 in

379 1854 441 1912 illis
468 1854 653 1929 ordinibus,
684 1856 847 1928 quatenus
872 1871 926 1912 eos
954 1871 993 1912 ex
1021 1853 1180 1929 Meleagro
1207 1854 1394 1929 desumptus
1418 1870 1490 1912 esse
1511 1871 1606 1929 appa·

380 1952 495 2027 ruerit,
523 1952 628 2011 locum
650 1951 802 2010 habuisse
824 1951 1002 2010 videantur.
1038 1952 1085 2011 of.
1112 1949 1131 2027 5
1156 1952 1323 2010 100-102,

418 2067 444 2109 0.
488 2050 629 2108 Το1110111
651 2049 803 2108 1110101010
825 2049 1090 2124 adipisceremur,
1115 2050 1197 2108 siin
1219 2050 1280 2108 ΑΡ.
1306 2067 1408 2108 unum
1430 2050 1606 2108 alterumve

378 2148 542 2205 servatum
563 2149 646 2204 esset
667 2163 729 2221 ep,
754 2145 840 2219 quod
862 2163 880 2204 a
901 2144 1069 2222 scriptore
1090 2147 1197 2221 aliquo
1218 2147 1251 2204 in
1276 2145 1403 2222 Sylloge
1424 2146 1605 2206 Simonidea

377 2245 447 2319 ipsa
474 2244 590 2303 lectum
617 2261 688 2302 esse
715 2246 848 2302 constat.
884 2243 1042 2312 Quoniam
1068 2246 1176 2303 autem
1197 2261 1281 2319 epp,
1313 2262 1396 2319 quae
1416 2263 1455 2304 ex
1480 2244 1606 2321 Sylloge

379 2359 397 2399 a
429 2340 638 2415 scriptoribus
672 2338 821 2400 laudata
850 2358 921 2399 esse
952 2342 1071 2400 seimus
1101 2340 1163 2418 (ep.
1190 2341 1247 2402 137
1275 2360 1293 2401 a
1322 2344 1465 2418 Timaeo,
1503 2341 1522 2419 5
1553 2343 1603 2414 32,

378 2456 427 2512 ep.
453 2438 509 2496 163
538 2439 578 2497 ab
607 2438 819 2513 Aristophane
844 2440 1014 2515 Byzantio,
1048 2437 1068 2516 5
1090 2440 1143 2513 37;
1173 2458 1221 2514 ep.
1248 2441 1305 2500 166
1326 2442 1367 2500 ab
1388 2442 1603 2515 Aristodemo,

381 2534 400 2612 5
425 2535 494 2612 77),
525 2537 631 2594 omnia
652 2554 670 2595 a
695 2536 839 2612 Sylloges
861 2538 1100 2612 excerptoribus
1122 2539 1264 2614 neglecta
1286 2542 1379 2614 sunt,
1411 2539 1603 2613 videndum,

379 2651 457 2692 num
486 2651 524 2691 ex
552 2631 812 2692 imitationibus
843 2633 988 2710 Sylloges
1019 2634 1219 2694 Simonideae
1246 2637 1513 2713 epigrammatum
1543 2636 1605 2711 epi·

379 2733 557 2804 grammata
588 2730 797 2805 Anthologiae
827 2732 893 2790 Pal.
924 2732 1058 2791 indicari
1085 2733 1226 2808 possint,
1261 2751 1343 2808 quae
1370 2733 1434 2791 iam
1461 2733 1495 2791 in
1525 2733 1602 2808 Syll.

381 2827 458 2887 Sim.
487 2827 620 2886 affuisse
648 2828 827 2887 videantur.
862 2830 932 2897 Qua
962 2847 996 2888 re
1016 2831 1243 2904 inquirendum
1265 2834 1329 2906 est,
1360 2832 1521 2905 quatenus
1543 2830 1605 2905 epi-

379 2925 576 3000 grammatioi
604 2928 714 3000 poetae
741 2926 946 2985 Alexandrini
971 2929 1200 3002 epigrammata
1225 2927 1406 2987 Simonidea
1430 2927 1511 3003 (1.0.
1536 2928 1604 3004 Syl·

378 3023 465 3098 loges
495 3022 707 3100 Simonideae)
737 3025 890 3084 imitanda
912 3025 973 3084 sibi
995 3027 1200 3100 sumpserint.
1235 3025 1324 3094 Quae
1345 3026 1510 3101 inquisitio
1533 3043 1604 3085 cum

379 3139 474 3179 suum
502 3121 617 3179 habeat
643 3123 748 3181 locum
769 3123 802 3180 in
823 3140 860 3181 ea
882 3124 979 3182 huius
1001 3125 1112 3198 capitis
1133 3126 1239 3198 parte,
1271 3126 1423 3198 quaeest
1444 3125 1605 3183 deimita-

378 3218 518 3277 tionibus
540 3216 577 3294 (5
601 3218 721 3296 12l—5
746 3218 832 3295 131),
861 3220 911 3279 1110
933 3221 1070 3279 sufficiet
1092 3221 1176 3279 illius
1197 3222 1423 3295 disputationis
1445 3239 1605 3280 summam

378 3333 664 3375 commemorasse:
701 3318 824 3376 nullum
861 3321 985 3393 poetam
1021 3320 1316 3394 epigrammaticum
1353 3320 1604 3378 Alexandrinum

378 3414 515 3488 pendere
542 3432 560 3472 a
591 3413 753 3473 Simonide
782 3414 814 3492 (i.
839 3434 865 3474 e.
893 3435 911 3475 a
942 3417 1071 3493 Sylloge
1094 3415 1289 3493 Simonidea)
1313 3419 1375 3476 nisi
1396 3419 1601 3477 Mnasaleam.

378 3511 467 3579 Quae
487 3529 558 3586 epp.
585 3511 766 3571 Simonidea
787 3513 820 3570 in
841 3514 910 3572 eius
931 3514 1162 3572 imitationibus
1185 3518 1327 3588 respecta
1349 3532 1420 3574 esse
1441 3517 1601 3591 videntur,

377 3627 413 3668 ea
437 3609 585 3685 Syllogae
608 3609 808 3668 Simonideae
829 3613 984 3670 vindicari
1005 3614 1150 3686 possunt.
1178 3613 1225 3672 01.
1250 3611 1270 3690 5
1295 3613 1361 3672 103.
1475 3651 1477 3654 -

418 3708 590 3782 Complura
624 3708 853 3782 epigrammata
889 3709 1005 3768 indicio
1040 3727 1104 3768 non
1139 3727 1205 3768 uno
1239 3710 1271 3768 111
1309 3710 1437 3786 Sylloge
1471 3711 1605 3769 affuisse

377 3808 517 3881 constat,
542 3824 589 3880 ep.
610 3807 648 3864 92
670 3807 749 3865 adeo
769 3807 920 3866 omnibus
941 3808 1055 3865 tribus.
1082 3807 1129 3866 Oi.
1153 3805 1173 3884 5
1197 3807 1264 3865 104.

418 3903 508 3982 599.
530 3925 532 3930 ·
554 3902 605 3962 Dc
637 3903 828 3964 traditione
859 3902 892 3963 S.
938 3906 1018 3979 Epp.
1050 3905 1083 3962 in
1115 3905 1176 3963 AP.
1208 3905 1241 3962 in
1273 3906 1355 3963 trad.
1390 3905 1428 3980 S,
1457 3906 1540 3965 'alibi
1570 3907 1603 3964 111

376 4002 457 4060 trad.
482 4002 507 4059 A
528 4001 622 4060 obvia
644 4004 720 4061 sunt
742 4002 891 4060 tredecim
914 4003 1005 4060 haec:

418 4101 445 4158 1.
491 4098 560 4158 ΑΡ.
591 4097 641 4159 VI.
685 4099 748 4158 50:
771 4100 853 4158 trad.
881 4100 1163 4176 Sepigrammatis
1185 4101 1257 4174 1403
1281 4101 1306 4158 A
1327 4119 1366 4159 ex
1388 4102 1518 4176 Ephoro
1540 4119 1603 4160 ser·

377 4199 464 4256 vavit
486 4199 582 4271 Plut,
606 4197 646 4255 01.
670 4195 690 4274 5
713 4197 761 4255 50.

416 4295 444 4353 2.
495 4293 560 4352 ΑΡ.
593 4291 642 4354 VI.
672 4293 750 4353 197:
772 4295 854 4353 trad.
882 4296 903 4355 S
932 4314 980 4371 ep.
1006 4296 1078 4369 138;
1108 4297 1281 4355 Aservata
1304 4314 1354 4371 ap.
1377 4298 1476 4356 Thuc.
1498 4297 1602 4371 etqui

376 4410 412 4450 eo
434 4393 484 4450 usi
507 4395 599 4466 sunt,
624 4390 706 4469 of.'5
729 4391 777 4451 43.

417 4490 444 4548 3.
490 4489 559 4549 ΑΡ.
592 4487 642 4549 VI.
668 4489 746 4548 214:
769 4492 851 4549 trad.
878 4493 899 4551 S
922 4510 971 4567 ep.
994 4492 1065 4565 141;
1089 4493 1114 4550 Α
1135 4511 1174 4551 ex
1192 4493 1322 4567 Ephoro
1339 4510 1422 4551 serv.
1441 4494 1474 4551 in
1496 4493 1598 4553 Schol.

377 4588 520 4663 Pindar,
545 4589 584 4647 01.
608 4587 628 4666 5
652 4589 699 4647 76.

416 4687 444 4744 4.
489 4685 560 4745 ΑΡ.
592 4686 641 4746 VI.
668 4686 748 4746 215:
771 4689 852 4746 trad.
880 4689 901 4748 S
935 4707 983 4764 ep.
1016 4690 1087 4762 134;
1121 4691 1147 4747 A
1176 4708 1215 4749 ex
1246 4691 1375 4765 Ephoro
1403 4706 1487 4748 serv.
1517 4689 1601 4764 apud

377 4785 472 4860 Plut,
497 4785 536 4843 01.
560 4783 579 4862 5
601 4785 650 4843 29.
