3516 5712
729 499 785 563 125
1195 495 1293 580 ενι,
1319 498 1366 563 75.

263 686 448 753 Παυσανίαν
469 687 576 771 ἰητρὸν
597 688 782 769 ἐπώνυμον,
801 689 948 770 Ἄγχίτεω
970 687 1051 760 υἳόν,

301 788 406 850 τόνδ’
427 786 663 869 Ἀσκληπιάδην
683 786 793 867 πατρὶς
814 787 945 866 ἔδαφε
966 785 1064 858 Γέλα,

262 888 297 956 ὃς
317 887 533 955 πλείστους
553 890 770 965 κρυεραῖσι
790 886 1046 964 μαραινομένους
1066 883 1143 946 ὑπὸ
1164 885 1330 954 νούσοις

301 989 411 1065 φῶτας
431 984 626 1063 ἀπέστρεφεν
647 982 852 1062 Φερσεφόνης
873 981 977 1044 ύαλά
984 1005 1080 1061 μων.

180 1085 242 1153 Qui
274 1084 530 1144 Simonideorum
559 1083 825 1160 epigrammatum
852 1083 1059 1141 traditionum
1081 1083 1281 1142 diversarum
1304 1102 1369 1142 non

145 1182 181 1241 sit
199 1183 352 1259 ignarus,
376 1183 482 1242 statim
504 1183 659 1258 agnoscat
681 1197 810 1240 necesse
830 1183 880 1239 est
900 1183 1037 1255 textum,
1062 1181 1165 1255 quiin
1181 1182 1369 1257 Anthologia

146 1279 325 1340 Simonideo
353 1281 482 1340 nomine
509 1282 659 1355 ornetur,
690 1297 761 1338 esse
789 1279 991 1338 traditionem
1020 1278 1041 1337 S
1068 1279 1137 1337 eius
1159 1282 1281 1355 textus,
1313 1281 1370 1355 qui

143 1377 265 1453 legatur
285 1380 372 1454 apud
395 1379 581 1454 Diogenem,
605 1395 642 1436 eo
664 1377 795 1460 consilio
817 1376 1018 1451 commutati,
1043 1379 1079 1435 ut
1090 1393 1129 1434 ex
1140 1377 1370 1452 epigrammate

144 1475 392 1536 demonstrativo
419 1477 568 1535 evaderet
595 1474 771 1551 sepulcrale
794 1474 848 1551 (cf.
869 1474 960 1533 lectio
982 1491 1012 1532 v.
1033 1474 1051 1531 2
1073 1471 1193 1552 ἔδρεφε
1214 1493 1369 1536 conversa

143 1572 172 1630 in
198 1572 326 1652 ἔύοφε,
357 1575 397 1633 de
424 1574 536 1633 ceteris
565 1574 629 1632 vid.
655 1571 675 1650 §
699 1572 757 1632 138
778 1571 843 1649 sq.)
865 1570 917 1647 86).
954 1572 1023 1631 Hoe
1043 1574 1149 1632 autem
1171 1573 1203 1630 in
1225 1574 1285 1634 hoc
1306 1577 1369 1650 epi-

109 1677 112 1684 ’
144 1675 319 1746 grammate
340 1673 458 1730 mirum
480 1689 542 1730 usu
565 1672 667 1746 venit,
700 1670 786 1744 quod
807 1670 952 1745 traditio,
977 1687 1074 1743 quam
1095 1670 1199 1729 littera
1221 1672 1246 1730 A
1266 1673 1369 1749 desig-

144 1786 216 1829 nare
233 1765 391 1844 solemuS,
413 1770 499 1845 apud
520 1769 692 1845 Diogenem
710 1786 774 1828 non
794 1785 954 1843 anonyma
973 1769 1038 1842 est,
1059 1767 1226 1826 sedetiam
1242 1771 1370 1830 nomiae

144 1870 250 1941 poetae
271 1885 315 1927 se.
341 1867 541 1942 Empedoclis
563 1867 691 1942 gaudet.

178 1965 406 2034 Quaerendum
438 1965 536 2041 igitur
567 1967 630 2024 est:
664 1963 696 2041 1)
728 1964 928 2024 inveneritne
959 1964 1112 2023 conector
1141 1981 1189 2040 ep.
1221 1964 1254 2022 in
1282 1966 1369 2026 fonte

143 2080 198 2122 suo
228 2063 293 2123 iam
326 2057 509 2138 Empedocli
541 2062 741 2123 attributum.
785 2063 843 2122 Oui
875 2062 1054 2137 quaestioni
1087 2062 1204 2122 scilicet
1236 2063 1368 2121 subiun-

143 2161 224 2236 gitur
257 2162 355 2220 haec:
388 2159 420 2236 2)
455 2150 523 2238 quo
555 2161 642 2220 fonte
675 2161 828 2220 Collector
859 2177 941 2219 usus
974 2160 1024 2218 sit.
1069 2159 1158 2228 Quae
1189 2161 1369 2235 disquisitio

143 2275 255 2318 rursus
287 2258 346 2317 niti
376 2259 476 2317 debet·
502 2259 660 2317 solutione
691 2258 839 2317 huiusce:
872 2255 903 2333 3)
937 2275 1032 2331 quem
1060 2258 1180 2317 fontem
1209 2259 1259 2317 vel
1287 2277 1368 2334 quos

142 2355 243 2416 fontes
265 2357 447 2416 adbibuerit
469 2357 635 2432 Diogenes

180 2455 452 2514 Proficiscendum
485 2455 577 2513 nobis
608 2457 657 2514 est
688 2455 728 2513 ab
759 2454 857 2514 altero
888 2454 921 2511 in
951 2453 1014 2513 vita
1044 2455 1253 2530 Empedoclea
1281 2458 1365 2531 loce,
1435 2529 1438 2536 ,

142 2552 194 2610 ubi
215 2553 353 2612 alterum
374 2553 571 2629 epigramma
589 2552 836 2627 Empedocleum
857 2550 1105 2628 (Simonideum)
1125 2553 1250 2628 legitur.
1276 2555 1365 2630 Diog.

141 2650 227 2709 VIII.
254 2651 292 2711 65
320 2652 420 2727 (Diels
447 2669 476 2726 p.
503 2649 570 2726 78):
592 2647 758 2727 Ἄκρωνος
778 2652 833 2708 τοῦ
855 2647 963 2726 ἰατροῦ
984 2646 1081 2708 τόπον
1102 2649 1261 2719 αἰτοῦντος
1280 2649 1382 2730 παρὰΙ

141 2751 192 2826 τῆς
212 2746 332 2826 βουλῆς
353 2747 395 2815 εἰς
416 2745 614 2824 κατασκευὴν
630 2745 782 2825 πατρῴου
799 2745 965 2826 μνήματος
984 2744 1033 2806 διὰ
1051 2746 1106 2825 τὴν
1124 2747 1157 2808 έν
1174 2753 1237 2816 τοῖς
1254 2749 1369 2829 ἰατροῖς

142 2843 297 2923 ἀκρότητα
328 2843 502 2923 παρελθὼν
533 2843 551 2905 ό
578 2842 856 2923 Ἐμπεδοκλῆς
884 2841 1039 2913 ἐκώλυσε,
1071 2844 1107 2904 τά
1135 2867 1166 2906 τε
1193 2846 1270 2908 ἄλλα
1297 2848 1370 2927 περὶ

141 2941 279 3021 ἰσότητος
301 2941 475 3022 διαλεχθεὶς
495 2942 551 3004 καί
569 2965 595 3002 τι
616 2941 669 3003 καί
686 2947 826 3003 τοιοῦτον
844 2941 1021 3021 ἐρωτήσας·
1045 2942 1082 3002 (τί
1097 2942 1133 3004 δὲ
1150 2943 1369 3026 ἐπιγράψομεν

141 3039 288 3118 ε’λεγεῖον;
317 3041 336 3120 ἢ
359 3044 467 3101 τοῦτο·
904 3039 906 3042 ’

260 3138 361 3216 ἄκρον
383 3137 489 3217 ἰητρὸν
503 3136 643 3215 Ἄκρων’
659 3137 900 3216 Ἀκραγαντῖνον
921 3136 1040 3216 πατρὸς
1054 3136 1173 3217 Ἄκρου

299 3235 428 3315 κρύπτει
449 3234 593 3315 κρημνὸς
613 3235 713 3314 ἄκρος
733 3235 884 3315 πατρίδος
905 3234 1104 3315 ἀκροτάτης.’

139 3333 243 3402 τινὲς
272 3333 313 3396 δὲ
341 3334 408 3395 τὸν
436 3333 628 3413 δεύτερον
656 3333 792 3414 στίχον
820 3333 924 3395 οὕτω
952 3335 1251 3414 προφέρονται·

300 3432 476 3513 ἀκροτάτης
496 3421 648 3513 κορυφῆς
664 3431 783 3512 τύμβος
804 3431 903 3511 ἄκρος
924 3432 1055 3511 κατέχει.

138 3530 257 3592 τοῦτό
278 3554 382 3600 τινες
402 3529 641 3612 Σιμωνίδου
663 3529 785 3611 φασίν
806 3529 908 3592 εἰναι
928 3530 980 3607 87).
1018 3533 1080 3601 Qui
1103 3536 1179 3591 sunt
1199 3534 1243 3591 illi
1265 3532 1366 3600 τινέςλ

137 3630 200 3688 Aut
232 3632 338 3690 omnia
370 3649 420 3690 me
449 3631 564 3690 fallunt
596 3634 652 3690 aut
683 3631 734 3689 hic
764 3628 870 3690 ἰιτιίιιε
900 3630 1139 3705 epigrammatis
1167 3631 1368 3705 Empedoclei

137 3729 340 3788 traditionem
371 3727 615 3805 Stimonideam)
643 3729 880 3804 deprehendere
904 3728 982 3786 mibi
1004 3728 1122 3786 videor.
1159 3727 1366 3787 (tumentem

138 3843 186 3900 ep.
211 3827 246 3885 in
268 3827 364 3886 Paus.
388 3828 474 3902 apud
498 3828 669 3903 Diogenem
687 3828 813 3902 legatur
830 3827 863 3886 in
882 3826 1052 3885 traditione
1066 3826 1105 3902 A,
1130 3826 1163 3884 in
1178 3825 1367 3902 Anthologia

137 3924 169 3981 in
198 3925 281 3984 trad.
308 3924 349 4000 S,
380 3924 477 3983 buius
505 3925 745 4000 epigrammatis
771 3925 974 3984 traditionem
996 3927 1167 3998 utramque
1187 3926 1274 3999 apud
1297 3925 1366 3983 Dio-

137 4038 253 4095 genem
290 4023 490 4083 eoniunctam
531 4023 698 4082 habemus.
743 4023 833 4091 Quae
870 4040 922 4081 res
959 4023 1118 4096 quomodo
1153 4022 1366 4099 explicanda?

137 4119 312 4196 Diogenes,
346 4121 476 4197 opinor,
511 4121 599 4180 iuxta
628 4121 747 4180 fontem
776 4121 826 4179 vel
854 4121 976 4195 tentae,
1011 4121 1066 4194 qui
1094 4121 1122 4180 ei
1149 4123 1367 4196 praebuerunt

137 4215 308 4292 utriusque
341 4218 581 4294 epigrammatis
615 4219 817 4278 traditionem
853 4219 898 4294 A,
937 4220 1083 4278 adhibuit
1118 4220 1238 4279 iontem
1271 4238 1367 4279 suum

138 4377 299 4388 Ἄ.

168 4473 206 4536 86)
243 4474 339 4525 Textus
362 4476 561 4539 epigrammatis
582 4492 612 4526 ex
632 4482 746 4540 utraque
765 4478 907 4527 traditione
925 4479 1056 4528 conflatus
1074 4480 1216 4541 praebetur
1234 4481 1307 4543 Preg.
1326 4480 1366 4531 40.
1410 4490 1412 4494 '

137 4559 317 4609 Reitzenstein
335 4575 366 4609 ex
385 4562 434 4610 boc
448 4562 638 4624 epigrammate
653 4561 733 4624 pili
751 4563 933 4612 demonstrare
949 4563 1033 4612 voluit
1046 4561 1218 4612 Collectorem
1235 4565 1367 4627 epigram-

137 4649 211 4694 mata
230 4643 348 4708 Sylloges
366 4644 533 4695 Simonideae
552 4662 582 4695 ex
602 4647 734 4710 lapidibus
752 4649 955 4711 conquisivisse,
973 4649 1006 4697 et.
1024 4645 1037 4708 5
1054 4645 1094 4696 23.

169 4727 207 4789 37)
246 4727 327 4778 Huius
350 4730 399 4779 loci
423 4730 456 4778 ab
479 4746 532 4780 uno
555 4732 759 4781 Reitzensteinio
777 4734 813 4782 l.l.
831 4747 951 4796 -quae
971 4733 1040 4782 baud
1059 4747 1138 4795 parva
1156 4737 1197 4781 est
1214 4735 1272 4782 laus
1289 4759 1322 4767 —
1339 4734 1366 4782 in

136 4813 295 4878 quaestione
311 4814 464 4864 Simonidca
481 4814 619 4864 tractanda
637 4817 703 4865 ratio
721 4816 812 4865 habita
829 4821 877 4866 est.
