3572 5716
774 514 829 572 171
1237 508 1256 589 1
1279 512 1408 572 94—96.

185 701 342 777 glutinata
372 704 448 760 sunt
476 704 627 776 quattuor
655 702 746 776 lolia,
777 719 915 775 quorum
944 701 1060 776 pagiua
1089 701 1127 759 Ar
1149 701 1283 760 indicem
1306 701 1412 776 ipsum

186 799 328 874 exhibet,
357 817 430 875 pag.
453 799 493 860 Ol
513 799 671 874 scriptura
694 801 801 874 vacat,
826 799 962 874 paginae
984 815 1040 857 sex
1060 799 1101 856 Av
1121 800 1175 857 B1'v
1198 799 1235 858 Cf
1257 800 1311 856 Drv
1333 799 1413 857 serie
1525 855 1529 870 ,

185 898 452 973 epigrammatum
475 897 512 956 34
534 897 707 972 implentur
727 915 746 955 a
769 897 872 956 scriba
891 897 1021 970 reliquis
1040 897 1156 956 codicis
1174 896 1288 956 scribis
1307 914 1412 955 recen-

185 995 264 1053 tiore
298 998 450 1077 exarata,
489 1012 586 1070 quam
621 996 793 1070 praeeunte
827 993 1053 1053 Stadtmiillero
1088 993 1197 1053 notavi
1231 994 1324 1070 signo
1355 990 1412 1052 Σπ.

187 1093 431 1152 Concinnatoris
458 1093 626 1152 consilium
654 1093 713 1151 hoo
740 1093 841 1151 luisse
862 1092 1002 1167 videtur,
1034 1094 1069 1151 ut
1094 1092 1302 1167 Anthologiae
1324 1092 1412 1151 Pala-

184 1191 270 1249 tinae
302 1191 432 1250 adderet
463 1190 577 1250 seriem
608 1190 892 1266 epigrammatum,
923 1189 1411 1264 111111111111111111111111,ι

186 1305 260 1346 nam
286 1306 326 1346 ex
347 1289 385 1347 34
406 1289 644 1364 epigrammatis
666 1288 727 1347 tria
747 1289 873 1347 tantum
894 1289 927 1346 in
949 1305 985 1346 ea
1006 1288 1216 1347 inveniuntur
1239 1283 1311 1363 (Σπ,
1334 1287 1351 1346 2
1372 1313 1413 1335 =

186 1386 246 1445 AP.
277 1388 313 1444 X.
343 1387 414 1460 104;
447 1382 504 1444 Σπ.
533 1386 572 1446 20
599 1411 639 1434 =
666 1387 727 1444 AP.
757 1383 831 1444 VII.
859 1385 931 1459 307;
961 1382 1018 1444 Σπ.
1041 1385 1079 1445 33
1101 1411 1140 1434 =
1161 1385 1223 1443 AP.
1244 1383 1301 1444 VI.
1323 1381 1406 1459 256).

187 1484 297 1543 Cetera
313 1484 374 1560 31,
400 1486 550 1559 quattuor
571 1485 726 1560 exceptis,
751 1502 790 1542 ex
811 1484 1000 1560 AntbologIa
1022 1483 1185 1543 Planudea
1206 1484 1303 1558 petita
1321 1486 1411 1555 sunt;

185 1581 267 1639 inter
289 1600 373 1657 quae
393 1585 441 1642 est
461 1579 518 1641 Σπ.
540 1583 579 1642 26
601 1607 640 1631 =
663 1582 816 1641 Simonid.
841 1582 917 1641 185a
939 1599 978 1640 ex
999 1582 1090 1641 Plan.
1110 1580 1183 1641 Iva.
1204 1581 1232 1640 3.
1254 1581 1283 1640 l.

225 1679 315 1737 Inter
343 1682 495 1754 quattuor
522 1681 574 1740 illa
603 1681 833 1757 epigrammata
862 1679 926 1738 duo
955 1680 1031 1738 sunt
1055 1679 1235 1739 Simonidea
1256 1675 1314 1736 Σπ.
1335 1678 1352 1737 3
1374 1703 1414 1726 =

189 1776 265 1835 Sim.
289 1777 397 1836 18611
418 1774 475 1836 aa.
497 1778 536 1837 28
555 1804 595 1827 =
619 1778 695 1837 Sim.
718 1777 785 1838 158.
810 1778 902 1838 Unde
919 1778 996 1837 haec
1013 1778 1242 1854 epigrammata
1260 1777 1412 1835 arcessita

187 1875 266 1950 sint,
298 1875 481 1951 ignoratum
511 1893 559 1951 ep.
589 1876 646 1935 186
674 1893 802 1951 quoque
823 1876 985 1951 cognitum
1007 1877 1055 1934 est
1076 1893 1115 1934 ex
1139 1875 1265 1950 Sylloge
1287 1874 1412 1948 Euphe-

187 1972 292 2031 miana
316 1972 369 2050 (cl.
393 1971 412 2050 ξ
436 1972 507 2050 109)
515 2019 522 2048 ‚
547 1991 595 2049 ep.
619 1973 676 2033 158
697 1977 803 2033 autem
825 1974 954 2032 omnino
976 1991 1039 2032 non
1063 1973 1159 2048 redit,
1190 1974 1222 2030 at
1243 1972 1412 2031 ex'eodem

187 2069 273 2128 fonte
300 2087 462 2130 manasse·
477 2071 603 2130 videtur
631 2073 727 2146 atque
755 2071 927 2144 consimilis
956 2071 1076 2130 exordii
1104 2070 1300 2146 epigramma
1332 2069 1409 2128 Sim.

188 2167 258 2242 127,
283 2169 370 2242 quod
391 2187 409 2228 a
431 2169 581 2228 Michaele
602 2170 775 2245 exemplari
797 2186 856 2228 suo
878 2169 1053 2244 ascriptum
1072 2169 1238 2228 corrector
1255 2167 1288 2225 in
1308 2183 1409 2242 marg.

187 2266 351 2340 superiore
379 2267 446 2326 cod.
476 2267 541 2326 Pal.
569 2266 705 2343 paginae
733 2266 790 2326 245
819 2267 926 2341 posuit
955 2265 1044 2344 (VII.
1068 2266 1125 2326 254
1150 2265 1188 2340 b,
1219 2265 1258 2324 cl.
1283 2263 1302 2342 ξ
1327 2262 1409 2339 102).

186 2364 353 2422 Nescimus
381 2365 493 2440 igitur,
525 2383 604 2424 num
632 2366 709 2425 haec
736 2382 806 2440 epp.
831 2383 870 2424 ex
893 2364 1017 2425 Corona
1039 2366 1215 2440 Meleagrea
1236 2365 1413 2438 propagata

187 2461 264 2534 sint;
288 2479 365 2538 ergo
383 2462 556 2522 diiudicare
574 2480 638 2522 non
656 2479 847 2538 possumus,
871 2462 1031 2537 quomodo
1049 2461 1266 2522 Simonideum
1285 2460 1411 2519 titulum

187 2559 249 2618 sint
271 2560 395 2635 adepta.

228 2656 247 2734 ξ
271 2657 319 2717 96.
357 2656 554 2734 Quaeritur,
578 2676 663 2718 uum
681 2660 822 2735 praeter
843 2657 1006 2736 Syllopeu
1028 2655 1268 2719 Simonideam
1290 2655 1412 2716 Melea-

187 2772 247 2831 ycr
268 2753 553 2816 Simouidcorum
574 2754 868 2833 epigrammatum
889 2755 1001 2816 toutea
1020 2753 1189 2815 babuerit.
1218 2755 1413 2830 Meleagrum

188 2870 225 2910 ex
259 2853 388 2929 Sylloge
422 2853 602 2913 Simonidea
633 2854 847 2914 Alexandrina
875 2854 1025 2928 petivisse
1052 2855 1281 2929 epigrammata
1312 2852 1412 2910 Simo-

189 2949 279 3010 nidea
302 2949 322 3028 ἓ
345 2951 384 3010 38
406 2955 515 3011 contra
534 2953 806 3012 Wilamowitzium
827 2953 1046 3012 demonstrare
1068 2953 1200 3011 conatus
1223 2969 1305 3010 sum.
1331 2951 1413 3010 Fieri

188 3050 292 3107 autem
324 3052 444 3124 potest,
478 3052 514 3108 11
545 3067 583 3108 ex
614 3050 684 3109 aliis
716 3068 845 3126 quoquc
872 3051 1014 3109 fontibus
1042 3050 1201 3124 Meleagro
1232 3047 1413 3108 Simonidea

188 3148 313 3219 praesto
341 3147 477 3222 fuerint,
508 3149 695 3222 praesertim
724 3167 795 3208 cum
825 3149 1037 3207 demonstrari
1066 3147 1167 3223 possit
1193 3164 1266 3205 eum
1288 3148 1413 3221 praeter

188 3244 338 3302 editiones
366 3247 549 3321 poetarum,
580 3264 662 3321 quos
690 3247 752 3305 ΑΡ.
781 3244 838 3306 IV.
868 3247 916 3321 1,1
947 3263 1017 3321 sqq.
1046 3245 1246 3305 enumeravit
1268 3261 1414 3320 quosque

189 3342 352 3401 nominare
383 3344 562 3418 supersedit
594 3343 649 3419 (ib.
682 3345 735 3404 55:
762 3342 873 3404 ’ἄλλων
905 3343 929 3402 τ’
960 3343 1050 3420 ἔρνεα
1083 3339 1183 3403 πολλὰ
1214 3339 1410 3420 νεόγραφα),

188 3456 281 3498 usum
303 3457 374 3498 esse
395 3441 571 3518 periegelae
592 3442 759 3502 cuiusdam
780 3443 1024 3516 inscriptionum
1046 3442 1233 3502 collectione.
1268 3441 1413 3499 Vidimus

188 3537 268 3595 enim
300 3536 335 3615 (ξ
365 3536 417 3614 65)
447 3539 640 3598 Pausaniam
665 3540 729 3598 iam
750 3541 783 3598 11
806 3541 930 3600 Corona
952 3540 1114 3599 invenisse
1135 3539 1331 3614 epigramma
1354 3538 1413 3613 Cy·

188 3634 292 3694 niscae
306 3635 434 3711 eodem,
453 3654 517 3711 quo
531 3637 724 3696 instructum
739 3639 860 3697 extaret
875 3638 936 3696 AP.
952 3636 1045 3697 XIII.
1061 3638 1111 3713 16,
1133 3637 1223 3695 titulo
1237 3633 1413 3695 ἀδέσποτον

187 3735 345 3792 ornatum.
377 3734 469 3792 Unde
489 3735 653 3808 probabile
674 3735 711 3792 fit
733 3735 929 3811 Meleagrum
950 3736 1014 3794 iam
1035 3737 1094 3794 boc
1115 3735 1311 3810 epigramma
1334 3732 1412 3790 nulli

186 3833 294 3904 poetae
322 3830 479 3889 tributum
507 3832 685 3906 invenisse,
717 3833 835 3908 quippe
863 3833 949 3906 quod
977 3833 1010 3891 in
1038 3834 1107 3891 eius
1135 3833 1222 3890 fonte
1249 3848 1288 3889 ex
1309 3829 1413 3904 lapide

186 3927 270 4003 ipso,
293 3929 327 3986 in
350 3945 415 4002 quo
437 3929 552 3988 scilicet
575 3931 715 3988 auctoris
736 3931 839 3989 indice
860 3931 1004 4005 carebat,
1029 3930 1223 4004 descriptum
1241 3929 1409 4003 legeretur.

186 4026 393 4102 Epigramma
424 4026 521 4100 lapidi
553 4028 737 4087 mandatum
771 4029 871 4087 fuisse
902 4031 1024 4087 eertum
1055 4030 1119 4102 est,
1154 4045 1228 4086 nam
1256 4027 1411 4084 effossum

186 4127 231 4182 est
268 4124 437 4198 Olympiae
474 4142 558 4183 anno
598 4126 675 4185 1879
712 4124 905 4202 (Hoffmann
944 4126 1021 4201 Syll.
1057 4124 1140 4201 381).
1186 4125 1343 4194 Quoniam
1379 4124 1412 4182 in

187 4221 388 4297 singulorum
430 4225 594 4296 poetarum
638 4225 770 4300 syllogis
812 4225 1041 4300 epigrammata
1084 4225 1235 4300 adespota
1276 4223 1413 4282 inveniri

188 4335 249 4376 aon
281 4321 471 4394 potuerunt,
506 4337 635 4380 necesse
666 4324 713 4380 est
745 4322 940 4396 Meleagrum
972 4323 1158 4382 adhibuisse
1189 4325 1313 4398 praeter
1342 4323 1413 4380 illas

187 4416 341 4474 eiusmodi
382 4413 651 4493 inscriptionum
692 4419 926 4495 collectionem,
971 4423 1082 4495 quales
1120 4421 1271 4480 extabant
1310 4421 1412 4478 Philo·
1515 4454 1517 4460 ι

189 4512 273 4571 chori
310 4513 491 4573 Polemonis
527 4515 662 4575 aliorum
697 4517 930 4592 periegetarum
951 4516 1015 4593 142).
1060 4519 1149 4587 Quae
1184 4519 1413 4594 epigrammata

220 4733 266 4799 142)
300 4737 366 4787 Rem
392 4738 446 4786 iam
472 4741 598 4802 suspicati
623 4745 687 4790 sunt
712 4741 804 4790 Jacobs
829 4740 938 4806 (proleg.
964 4759 987 4805 p.
1015 4744 1121 4793 XXXV:
1148 4741 1187 4792 ‘ex
1206 4745 1247 4792 bis
1265 4745 1413 4794 Polemonis

190 4821 306 4881 operibus
409 4859 414 4870 .
440 4823 607 4888 aliorumque
623 4825 764 4874 similibus
790 4827 1007 4890 antiquissimum
1035 4828 1209 4890 Antbologiae
1235 4830 1413 4891 conditorem,
