3572 5716
369 521 445 597 (lap.
470 523 523 582 IV.
652 474 656 478 ⁵
952 526 1010 586 234

368 707 438 788 νίκῃ
469 714 681 787 κρατερεργοῦ
706 709 823 790 Ἄρηος
843 711 869 788 4)
898 713 918 771 1.
943 731 969 772 e.
996 709 1591 794 NIKEIKPATEPEPFOAPEOZ,

369 826 451 882 quae
468 809 578 884 verba,
600 827 672 868 cum
688 811 720 868 iu
737 811 944 886 inscriptione
959 812 1080 871 litterae
1095 809 1126 871 P
1138 811 1273 890 (mediae
1288 816 1321 874 in
1337 816 1505 893 adiectiv0)
1523 835 1593 877 eva·

368 907 491 965 nuisset
512 907 650 966 circulus
672 908 875 983 spatiumque
896 909 978 968 inter
999 907 1020 968 I
1039 908 1091 987 (ex
1110 907 1153 986 P)
1177 914 1207 970 et
1229 909 1261 970 Ε
1278 913 1363 972 iusto
1377 915 1496 973 lactum
1511 919 1594 974 esset

367 1005 509 1080 longius,
534 1024 552 1064 a
573 1006 767 1080 descriptore
788 1007 946 1067 disiuncta
969 1011 1045 1066 sunt
1066 1027 1233 1084 perperam
1255 1007 1594 1071 NIKEIKPATEI-

367 1098 652 1177 EPFOAPEQ
680 1108 749 1163 tum
778 1106 868 1164 facile
895 1124 967 1165 cum
989 1104 1094 1183 κράτει
1116 1109 1283 1184 genetivus
1305 1107 1394 1188 νίκης
1417 1109 1489 1186 (pro
1508 1108 1592 1188 νίκῃ)

279 1252 281 1256 .
367 1202 397 1258 et
425 1218 497 1259 cum
517 1199 634 1280 Ἄρηος
654 1203 782 1262 dativus
804 1203 890 1282 ἔργῳ
913 1205 985 1281 (pro
1008 1206 1132 1284 -εργοῦ)
1155 1207 1245 1283 iungi
1267 1209 1369 1282 potuit
1388 1207 1427 1285 5).
1463 1210 1590 1284 Eidem,

367 1300 496 1375 opinor,
521 1300 708 1376 descriptori
723 1302 856 1362 debetur
872 1301 1074 1380 e’lerldepON
1084 1323 1142 1380 pro
1157 1303 1347 1384 e’tevde'pdl.
1371 1307 1593 1383 Distinguendl

367 1396 465 1472 igitur
487 1401 562 1456 sunt
584 1399 647 1458 duo
669 1400 774 1458 textus
796 1401 838 1474 A,
869 1401 924 1476 A',
956 1402 1064 1476 quiin
1087 1403 1191 1477 lapide
1212 1399 1394 1478 legebatur,
1419 1404 1473 1478 At,
1499 1422 1593 1478 quem

368 1513 385 1553 a
414 1495 608 1571 descriptore
636 1498 765 1572 Ephoro
792 1499 945 1558 traditum
974 1479 1129 1560 collector
1157 1502 1314 1560 tractavit.
1352 1501 1454 1560 Simul
1480 1503 1593 1561 lucrati

368 1611 481 1653 sumus
510 1613 630 1654 novum
658 1596 817 1670 epitheton
840 1598 968 1673 Martie,
1000 1599 1054 1673 qui
1077 1599 1113 1657 ll.
1136 1595 1166 1656 B
1187 1600 1245 1658 215
1267 1597 1419 1677 κρατερὸς
1441 1603 1589 1675 vocatur,

367 1691 650 1771 κρατερεργός.
688 1695 759 1763 Qua
797 1696 829 1753 in
870 1713 946 1754 voce
985 1696 1108 1755 novicia
1145 1714 1238 1756 nemo
1269 1698 1382 1772 opinor
1413 1693 1593 1757 offendetur

367 1792 508 1867 neglecta
524 1792 555 1849 vi
569 1792 691 1851 litterae
702 1792 862 1868 digamma
876 1792 929 1871 (cf.
943 1791 1151 1872 κακσ-εργός,
1167 1794 1379 1872 κακοῦργος),
1397 1796 1592 1870 epigramma

366 1889 450 1947 enim
473 1907 581 1965 pugna
603 1890 780 1949 Plataeensi
802 1892 921 1966 aliquot
943 1893 1103 1950 decenniis
1126 1893 1283 1951 recentius
1305 1895 1353 1951 est
1377 1891 1429 1969 (cl.
1454 1889 1589 1969 Πέρσαι,

367 2005 431 2046 non
467 1983 594 2065 Μῆδοι,
629 1988 753 2047 Wilam.
788 2007 818 2064 p.
854 1989 911 2048 313
943 1993 973 2048 et
1007 1989 1025 2066 ἓ
1061 1991 1117 2050 139
1146 2009 1177 2049 n.
1209 1989 1257 2066 9),
1292 1994 1388 2066 atque
1415 1991 1479 2049 iam
1508 1991 1593 2066 apud

368 2086 608 2160 Xenophontem
629 2086 744 2162 legitur
766 2084 925 2164 φιί-εργία
949 2085 1035 2163 (Oec.
1057 2089 1105 2146 20.
1126 2087 1189 2164 26).

407 2181 515 2243 Etiam
540 2186 646 2242 textus
678 2183 699 2243 S
728 2185 855 2244 diverse
883 2186 1020 2245 traditus
1048 2187 1105 2244 est.
1138 2186 1299 2246 Planudes
1321 2187 1447 2245 Ionicas
1468 2189 1592 2245 tautum

367 2282 496 2356 praebet
527 2283 664 2357 formae,
699 2300 771 2342 cum
803 2283 835 2340 in
868 2283 995 2341 duobus
1027 2283 1191 2342 vocabulis
1222 2281 1381 2359 (Ἕλλανες
1409 2289 1439 2343 et
1466 2281 1591 2360 λάμστι)

367 2380 533 2439 Palatinus
556 2380 685 2439 Doricas
707 2381 862 2440 exhibeat.
888 2382 1091 2456 Quamquam
1112 2381 1281 2440 dialectum
1300 2383 1397 2440 semel
1414 2383 1593 2456 iterumque

367 2478 614 2537 commutavisse
635 2478 813 2537 videbimus
837 2479 1040 2538 Collectorcm
1065 2477 1099 2555 (ὅ
1124 2477 1212 2554 139),
1244 2479 1386 2538 ionicam
1406 2480 1438 2538 iu
1461 2481 1521 2539 hoc
1542 2499 1589 2555 ep.

368 2592 515 2634 servasse
542 2575 611 2633 ideo
639 2579 688 2634 cst
715 2577 895 2651 putandus,
927 2577 1030 2652 quod,
1062 2577 1139 2650 quin
1162 2573 1278 2654 Ἄρηος
1307 2577 1418 2637 Dorice
1443 2582 1589 2653 poneret,

367 2673 515 2732 obstabat
543 2676 689 2732 metrum.
726 2674 886 2732 Planudes
908 2677 1018 2733 contra
1041 2675 1271 2749 Cephalanum,
1282 2678 1403 2734 textum
1425 2694 1455 2734 v.
1482 2677 1496 2734 1
1520 2695 1592 2736 con·

366 2771 485 2830 iectura
518 2772 683 2846 temptavit
714 2769 751 2848 (ᾖ
785 2770 867 2847 108).
905 2771 1044 2831 Subesse
1075 2773 1200 2846 putavit
1231 2773 1338 2832 verbis
1370 2772 1455 2851 ἔργῳ
1476 2771 1592 2851 Ἄρηος

367 2869 596 2944 appositionem
619 2867 725 2947 ἔργον
740 2866 786 2928 Ἄ.
809 2870 1040 2946 Distingueuda
1061 2870 1160 2946 igitur
1179 2873 1226 2929 est
1248 2871 1375 2930 traditio
1395 2871 1429 2930 S'
1449 2873 1591 2931 Palatina

369 2965 421 3043 (=
445 2967 521 3044 Syll.
550 2966 644 3044 Sim.)
668 2986 686 3026 a
711 2966 748 3026 S²
772 2965 974 3044 (Planudeah

407 3067 434 3125 4.
480 3066 728 3141 Epigrammatis
760 3067 814 3125 141
841 3067 923 3125 trad.
951 3065 972 3125 S
998 3065 1072 3142 (ΑΡ.
1097 3067 1150 3125 VI.
1175 3065 1247 3142 214)
1271 3083 1368 3125 versu
1389 3069 1504 3142 quarto
1527 3086 1591 3126 cor·

367 3166 490 3240 ruptela
511 3166 559 3223 est
580 3163 745 3239 inquinata
770 3161 928 3241 (ὀαρετίσυ
949 3163 1100 3242 χρυσοῦ),
1125 3182 1208 3239 quae
1221 3165 1284 3223 iam
1299 3165 1331 3222 in
1347 3167 1517 3240 exemplari
1534 3184 1592 3225 suo
1635 3249 1637 3254 Ι

366 3263 781 3338 AnthologiaeGephalanae
792 3264 914 3322 invenit
924 3263 1041 3322 Suidas
1053 3281 1114 3323 s.v.
1127 3261 1269 3340 ὃσρετίσν
1284 3261 1412 3340 (§111).
1430 3265 1493 3333 Qui
1503 3265 1590 3323 locus

366 3361 531 3452 permultis
563 3362 751 3420 coniecturis
784 3364 956 3437 temptatus
988 3362 1072 3420 facili
1104 3362 1224 3422 medela
1256 3362 1364 3420 sanari
1393 3380 1488 3436 posse
1516 3354 1591 3420 mihi

308 3489 313 3512 ν
367 3461 502 3520 videtur.
538 3461 649 3518 Latere
680 3462 735 3518 aut
767 3456 954 3536 Δαμαρέτας
986 3461 1114 3536 reginae
1142 3462 1198 3518 aut
1226 3456 1441 3536 Δαμαρετείου
1471 3461 1590 3518 nummi

366 3576 481 3618 nomen
503 3557 708 3617 manifestum
730 3561 778 3616 est
801 3555 853 3633 (cf.
877 3557 965 3616 Diod.
990 3556 1042 3634 [=
1063 3556 1224 3634 Timaeus]
1249 3558 1303 3616 XI.
1324 3555 1388 3634 26).
1427 3559 1481 3634 Id,
1507 3558 1591 3634 quod

299 3695 301 3699 -
366 3657 513 3731 traditur,
539 3653 682 3733 ὄαρετίου
700 3674 764 3714 non
783 3655 859 3714 oriri
877 3657 995 3731 potuit,
1021 3656 1139 3714 nisiex
1158 3656 1297 3730 pleniore
1313 3653 1503 3733 ὃαμσρετίσυ
1521 3655 1591 3733 (pro

367 3752 586 3832 ὀσμαρετείσυ)
611 3754 731 3829 syllaba
754 3754 867 3828 altera,
892 3770 975 3827 quae
995 3757 1097 3812 metro
1119 3753 1333 3828 repugnabat,
1360 3771 1535 3828 suppressa
1550 3753 1586 3830 ss).

399 3995 421 4058 4)
456 3998 529 4056 Quae
559 3997 637 4046 verba
665 3997 850 4059 coniungenda
875 4001 938 4044 suut
964 4011 1024 4045 cum
1051 3991 1157 4058 Πέρσας
1182 3991 1355 4053 ἐξελάσαντες.
1393 3996 1514 4059 Hartuug
1539 3998 1589 4046 iam

366 4083 476 4131 coniecit
500 4079 577 4144 νίκης
602 4077 854 4144 κρατερεργέσς
880 4075 971 4128 εἵνεκ’.
1008 4081 1079 4129 Alias
1105 4081 1269 4130 coniecturas
1296 4081 1407 4130 lectores
1433 4083 1540 4131 videant
1564 4083 1590 4130 in

366 4172 492 4229 apparatu
511 4167 600 4215 critico
617 4181 658 4228 ap.
677 4166 819 4229 Bergkium
839 4170 919 4228 atque
937 4165 1049 4214 Stadtm.

398 4249 421 4313 5)
455 4250 590 4300 Eiusmodi
613 4250 695 4313 igitur
716 4251 798 4299 errori
817 4251 868 4298 tuit
885 4250 1012 4300 obnoxius
1030 4249 1187 4313 descriptor,
1211 4250 1253 4299 cui
1272 4249 1416 4298 Pausanias
1434 4249 1475 4306 (V.
1493 4250 1533 4299 11.
1550 4247 1589 4311 3),

365 4352 425 4386 cum
450 4337 552 4384 litteras
575 4335 698 4384 evanidas
722 4335 748 4382 in
773 4335 827 4384 basi
852 4335 921 4384 lovis
945 4335 1081 4383 simulacri
1104 4334 1255 4383 coniectura
1275 4336 1410 4397 suppleret
1426 4330 1492 4397 ίίάῳ
1511 4329 1589 4396 θύμῳ

365 4425 417 4476 τοῖς
438 4417 673 4483 Λακεδαιμονίοις,
697 4435 766 4483 quae
785 4420 863 4469 verba
881 4435 928 4469 nec
946 4420 1108 4480 sententiae,
1132 4434 1180 4468 nec
1197 4419 1336 4482 crepidinis
1354 4418 1431 4480 (IGA.
1451 4419 1494 4482 75)
1511 4419 1589 4482 ipsius

365 4506 488 4556 ductibus
511 4505 695 4554 convenientia
718 4505 846 4568 palmaria
866 4505 1016 4554 coniectura
1034 4505 1061 4554 in
1080 4505 1213 4567 integrum
1232 4505 1350 4554 restituit
1368 4505 1470 4555 Alaeus
1488 4498 1589 4570 alesia

365 4587 442 4655 δάμῳ
461 4595 498 4654 τῷ
516 4587 746 4653 Λακεδαιμονίων.
774 4591 830 4639 Vid.
849 4595 938 4640 tamen
958 4590 1206 4652 Bliimnev-Hitzig
1223 4591 1254 4638 ad
1273 4590 1309 4639 l.l.

398 4675 421 4736 6)
456 4676 483 4724 ld
502 4676 588 4738 ipsum
608 4676 709 4724 dedisse
725 4681 827 4738 poetam
844 4672 1008 4726 ‘necessitate
1024 4681 1144 4725 coactum
1163 4690 1260 4738 paeone
1276 4675 1303 4723 in
1319 4675 1374 4724 loco
1390 4675 1489 4738 dactyli
1505 4672 1588 4723 usum

366 4761 476 4824 putabat
494 4761 605 4823 Bentley
624 4761 699 4822 Resp.
717 4761 749 4809 ad
770 4763 842 4824 lloyl.
861 4760 910 4808 ι2511
928 4762 1025 4823 Lenn,
1049 4776 1128 4824 quem
1148 4761 1229 4809 etiarn
1249 4760 1324 4808 hodie
1342 4760 1465 4822 sequitur
1482 4759 1533 4807 llill
1550 4756 1588 4805 lb.

366 4847 522 4895 Innumeras
540 4845 704 4894 couiecturas
722 4846 748 4894 in
768 4847 838 4894 hunc
856 4847 942 4894 locum
963 4845 1049 4894 videat
1067 4846 1148 4893 lector
1165 4860 1204 4908 ap.
1225 4843 1367 4907 llergltium
1382 4849 1464 4906 atque
1479 4841 1588 4892 Stodtm.
