3516 5712
402 1475 458 1536 180

535 1478 606 1537 VII.
625 1477 664 1536 20

748 888 783 947 A.

749 983 869 1064 ἄδηλον
899 987 935 1044 A.
970 987 1029 1061 Ep.
1061 1002 1222 1060 nusquam
1254 985 1388 1044 Simoni-

770 1084 819 1142 dis
849 1084 976 1142 nomine
1004 1085 1154 1142 ornatum
1181 1100 1220 1142 ex
1240 1082 1389 1141 Aristidei

768 1181 828 1241 1ουί
872 1181 912 1241 de
955 1181 1124 1256 paraphth.
1168 1181 1249 1239 falsa
1293 1182 1388 1240 inier-

768 1281 944 1356 pretatione
985 1279 1176 1340 Simonideis
1217 1279 1385 1338 insertum.

770 1377 817 1438 Of.
844 1376 863 1455 ξ
887 1379 934 1438 55.
997 1423 1000 1428 .

748 1472 934 1554 Σιμωνίδου
952 1478 978 1535 Α
999 1476 1050 1555 (--
1070 1474 1176 1553 Plan.)
1187 1522 1195 1552 ‚
1220 1477 1388 1551 repetitum

769 1593 787 1635 a
810 1576 834 1636 G
855 1576 888 1634 in
910 1576 1055 1658 margine
1074 1576 1131 1634 ini.
1151 1593 1223 1651 pag.
1243 1575 1311 1634 eod.
1330 1574 1388 1634 213

769 1675 841 1748 post
862 1691 911 1748 ep.
932 1674 1003 1733 VII.
1025 1673 1113 1750 37‚5,
1137 1673 1192 1732 ubi
1215 1670 1389 1733 ἀδέσποτον

769 1771 894 1831 dieitur.
919 1771 967 1833 Of.
994 1769 1013 1850 ᾗ
1035 1771 1083 1831 93.

749 1870 785 1930 A.

749 1969 784 2027 A.

749 2063 924 2126 ἀδέσποτον
936 2066 969 2126 O.
988 2067 1026 2124 In
1042 2083 1143 2141 marg.
1158 2065 1214 2124 inf.
1229 2082 1302 2140 pag.
1316 2065 1384 2123 aod.

769 2164 827 2223 213
859 2166 931 2239 posi
961 2181 1009 2238 ep.
1031 2164 1102 2222 VII.
1127 2163 1227 2238 37,5.¹
1253 2161 1322 2221 Vid.
1347 2162 1387 2221 ad

768 2262 839 2320 VII.
864 2261 912 2321 20.

750 2335 793 2418 In‘
817 2378 918 2436 marg.
943 2377 1015 2435 sup.
1039 2378 1112 2436 pag.
1138 2358 1204 2419 uod.
1230 2359 1288 2419 219
1314 2362 1389 2418 ante

769 2476 817 2532 ep.
838 2458 909 2516 VII.
935 2459 972 2517 75
993 2475 1012 2517 a
1034 2458 1058 2517 O
1088 2458 1242 2532 seriptum
1272 2455 1387 2533 (Simo-

769 2553 885 2632 nidis),
917 2556 950 2614 in
979 2558 1068 2615 textu
1096 2555 1212 2631 legitur
1233 2556 1304 2615 VII.
1330 2555 1388 2614 516

769 2656 824 2713 τοῦ
845 2650 942 2713 αὐτοῦ
965 2654 989 2714 G
1013 2652 1065 2731 (=
1086 2650 1304 2730 Σιμωνίδου),
1333 2653 1390 2712 ubi

770 2751 833 2810 vid.
855 2752 1022 2810 Praeterea
1043 2751 1082 2810 ef.
1104 2769 1152 2826 ep.
1175 2769 1241 2826 seq.
1268 2753 1312 2811 De
1329 2752 1389 2810 hoe

769 2849 889 2910 scholio
909 2850 1078 2926 marginali
1101 2850 1140 2910 ef.
1167 2847 1186 2926 ἓ
1210 2850 1258 2909 58.

750 2948 826 3007 Post
852 2965 901 3022 ep.
928 2946 1083 3023 praeced:
1097 2948 1131 3004 in
1152 2947 1262 3006 eodem
1283 2965 1385 3022 marg.

769 3063 841 3121 pag.
866 3045 934 3104 eod.
960 3045 1017 3104 219
1039 3062 1058 3103 a
1085 3045 1109 3105 O
1135 3046 1301 3104 exaratum
1325 3042 1388 3120 (Si-

769 3141 935 3220 monidis),
960 3144 993 3201 in
1015 3143 1125 3202 eodem
1146 3160 1219 3218 pag.
1244 3143 1388 3201 intexta

768 3242 839 3300 VII.
875 3240 912 3300 77
946 3241 1063 3316 legitur
1099 3241 1139 3300 ab
1173 3241 1198 3299 A
1234 3241 1388 3314 seriptum

770 3336 968 3418 (Σιμωνίδου
990 3337 1047 3415 A),
1074 3340 1138 3399 vid.
1156 3357 1226 3414 epp.
1242 3339 1384 3414 praeced.

767 3440 884 3513 etseq.

747 3537 782 3594 A.
818 3537 856 3594 In
885 3553 986 3612 marg.
1012 3553 1083 3610 sup.
1109 3535 1250 3594 eiusdem
1272 3552 1345 3610 pag.
1370 3551 1388 3594 a

769 3633 972 3694 Citeratum.
1001 3632 1069 3692 Vid.
1091 3649 1140 3707 ep.
1161 3631 1364 3706 praecedens.

748 3829 802 3886 τοῦ
821 3824 918 3886 αὐτοῦ
939 3827 962 3886 Ο
983 3824 1036 3902 (=
1058 3822 1215 3885 Φιλίππου
1233 3823 1386 3901 ep.186);

768 3927 800 3983 ai
828 3925 996 4000 repetitum
1021 3924 1092 3982 VII.
1118 3921 1191 3982 344*
1215 3923 1284 3991 (ubi
1307 3921 1386 4000 vid.)

768 4026 823 4082 τοῦ
851 4021 949 4082 αὐτοῦ
979 4023 1003 4082 0
1032 4026 1080 4080 esi
1108 4018 1294 4098 Σιμωνίδου
1323 4019 1399 4098 (ep.
1477 4087 1479 4092 ¹

768 4121 826 4180 344
842 4118 893 4197 υ);
917 4120 1054 4179 P1anudi
1076 4119 1221 4179 neutrius
1243 4121 1306 4194 esi,
1332 4119 1388 4178 sed

768 4215 945 4278 Λεωνίδου.
978 4219 1025 4279 cf.
1053 4215 1072 4294 §
1095 4218 1143 4278 92.
