3546 5724
813 501 850 566 55
1349 506 1369 584 a
1392 509 1440 568 29.

217 711 309 760 orum
339 697 501 752 servatum
531 697 588 752 est.
627 693 674 752 Ea
703 711 779 753 vero
807 694 897 752 facile
925 694 1029 752 omnis
1058 711 1076 753 a
1106 694 1243 753 Diodoro
1270 695 1443 754 transmitti

217 791 339 866 potuit,
377 791 404 849 si
440 791 590 865 Ephorus
623 790 775 850 Herodoti
809 789 911 866 (VIII.
946 788 998 867 34)
1031 793 1212 866 exemplum
1244 796 1373 852 secutus
1404 794 1444 852 de

218 889 391 948 Corinthiis
412 888 563 948 disseruit
584 888 616 946 in
638 889 836 965 digressione
853 891 925 963 post
943 907 1086 965 pugnarn
1104 908 1230 949 omnem
1247 894 1439 950 enarratam.

217 987 272 1061 At,
303 986 438 1062 dixeris,
470 987 652 1046 Herodotus
680 987 714 1044 in
741 987 780 1046 iis
809 1004 953 1063 quoque,
984 1005 1067 1062 quae
1094 988 1133 1046 de
1154 989 1348 1048 Graecorum
1371 1006 1442 1048 con-

217 1083 295 1142 siliis
327 1084 440 1160 tradit,
474 1084 525 1143 hic
552 1085 615 1143 illic
644 1085 825 1144 Corinthios
852 1085 980 1159 oblique
1007 1085 1252 1160 perstrinxerat:
1286 1086 1442 1146 Corinthi·

216 1199 309 1241 orum
340 1184 407 1241 dux
438 1183 628 1241 Adimantus
659 1182 691 1241 in
720 1183 851 1242 consilio
879 1184 1122 1244 Themistoclem
1150 1184 1248 1243 verba
1277 1185 1442 1244 facientem

216 1280 430 1339 acerbissimis
449 1281 541 1340 dictis
559 1281 729 1340 interfatur
747 1280 786 1358 (c.
802 1281 854 1356 53,
875 1279 942 1358 61);
962 1282 1131 1357 AristideS,
1153 1300 1225 1341 cum
1241 1283 1443 1343 Themistocli

216 1379 342 1437 nuntiat
352 1379 496 1440 'Graecos
514 1378 555 1438 ab
573 1379 719 1438 hostibus
738 1396 810 1438 esse
827 1379 1072 1455 circumclusoS,
1093 1380 1171 1439 haec
1188 1380 1292 1452 dicere
1309 1380 1443 1456 fingitur

218 1473 258 1549 (c.
284 1475 351 1552 79):
381 1473 426 1535 ὅτι
453 1479 510 1536 νῦν
538 1473 608 1536 οὐδ’
636 1476 675 1554 ἢν
702 1474 821 1537 θέλωσι
849 1473 1071 1554 Κορίνθιοί
1093 1498 1124 1536 τε
1145 1474 1199 1536 καὶ
1219 1474 1314 1543 αὐτὸς
1334 1473 1441 1554 Εὐρυ-

216 1569 329 1650 βιάδης
350 1572 413 1634 οἷοί
431 1596 461 1634 τε
482 1574 603 1635 ἔσονται
624 1573 792 1636 ἐκπλῶσαι.
824 1577 869 1635 Ne
891 1577 968 1635 haec
988 1576 1069 1635 levia
1090 1577 1219 1651 quidem
1241 1576 1442 1634 Atheniensis

216 1670 278 1728 odii
299 1673 489 1733 documenta
507 1675 659 1750 leguntur
677 1675 763 1749 apud
782 1675 966 1733 Diodorum.
991 1674 1084 1743 Quod
1098 1674 1246 1748 equidem
1261 1691 1325 1732 non
1340 1673 1441 1748 ipsius

217 1769 434 1846 neglegentiae
468 1773 523 1832 sed
556 1774 721 1848 Ephoreae
753 1773 930 1832 defensioni
961 1772 1185 1848 imputaverim
1218 1772 1338 1832 collatis
1369 1771 1441 1830 Plu-

216 1868 353 1927 tarcheis
384 1870 461 1930 locis
489 1872 598 1931 Them.
625 1871 679 1947 11,
713 1871 769 1930 ubi
800 1871 960 1931 Adimanti
991 1872 1024 1930 in
1053 1872 1294 1931 Themistoclem
1322 1869 1441 1928 dictum

217 1964 367 2026 tribuitur
401 1969 577 2045 Eurybiadi
597 1968 656 2044 29),
692 1972 788 2044 atque
818 1970 912 2029 Arist.
942 1969 977 2044 8,
1012 1970 1067 2028 ubi
1094 1969 1242 2028 Aristidis
1271 1967 1367 2026 verba
1396 1967 1442 2025 sic

217 2068 409 2126 commutata
441 2067 650 2142 praebentur:
682 2065 763 2128 ὥστε
793 2065 847 2128 καὶ
878 2064 973 2135 τοὺς
1003 2066 1054 2147 μὴ
1087 2064 1286 2132 θέλοντας
1317 2062 1439 2142 ἀνάγκη

215 2160 402 2242 κατείληφεν
423 2163 567 2243 ἀγαθοὺς
589 2164 708 2243 ἄνδρας
729 2163 805 2225 εἶναι
826 2163 879 2225 καὶ
899 2163 1068 2244 μάχεσθαι.

256 2262 422 2337 Ephorum
454 2283 526 2324 cum
558 2267 720 2324 auctorem
752 2266 853 2324 fuisse
884 2251 1079 2340 viderimus,
1114 2264 1170 2338 qui
1201 2280 1239 2321 ex
1271 2261 1441 2335 scriptione

217 2359 345 2420 minime
381 2363 510 2439 vulgata
546 2364 738 2438 prodidisset
774 2364 917 2439 quinque
952 2364 1004 2422 illa
1040 2363 1289 2438 epigrammata,
1329 2377 1369 2418 ex
1404 2375 1441 2416 eo

216 2474 343 2533 quoque
370 2477 407 2519 ea
435 2461 467 2520 in
496 2463 704 2521 Plutarchum
732 2464 908 2538 propagata
933 2462 996 2520 sint
1018 2477 1147 2520 necesse
1167 2461 1224 2519 est.
1260 2459 1441 2533 Ephoream

216 2563 320 2615 autem
349 2560 512 2619 materiem
541 2561 669 2635 saepius
693 2578 711 2619 a
734 2561 905 2620 Plutarcho
926 2561 958 2618 in
979 2560 1084 2619 libello
1108 2559 1157 2617 ‘de
1178 2557 1331 2616 Herodoti
1354 2556 1440 2614 mali-

215 2654 345 2728 gnitate'
376 2659 606 2734 oppugnationi
635 2659 810 2718 subiectam
837 2676 908 2718 esse
936 2661 1056 2718 eertum
1085 2657 1225 2716 videtur:
1253 2655 1286 2713 in
1309 2672 1378 2729 cap.
1402 2654 1440 2712 32

215 2751 253 2809 de
280 2753 502 2831 Thermopylis
529 2757 598 2816 coll.
628 2757 717 2816 Diod.
743 2757 797 2815 XI.
824 2757 860 2816 10
882 2760 977 2832 atque
999 2755 1113 2814 Iustin.
1138 2755 1181 2812 II.
1209 2754 1242 2811 11
1269 2751 1345 2829 (vid.
1370 2753 1440 2810 Vol·

215 2852 394 2928 quardseu,
426 2855 553 2914 Unters.
585 2855 638 2914 iib.
668 2855 785 2914 Diodor
808 2855 886 2914 1868
905 2873 936 2930 p.
961 2853 1031 2929 31),
1063 2855 1095 2911 in
1118 2871 1186 2927 cap.
1211 2852 1266 2926 tt),
1297 2850 1384 2925 quod
1405 2851 1440 2908 ut

215 2953 360 3008 nostrum
383 2969 450 3027 cap.
471 2952 509 3011 39
530 2955 579 3012 est
600 2953 639 3011 de
661 2971 770 3029 pugna
794 2952 984 3027 Salaminia,
1010 2952 1078 3010 coll.
1104 2950 1193 3009 Diod.
1219 2950 1273 3007 XI.
1298 2949 1337 3007 27
1361 2946 1437 3024 (vid.

216 3047 398 3124 Holzapfel,
434 3050 544 3110 Philol.
575 3051 624 3109 46.
657 3050 733 3109 1884
765 3069 795 3126 p.
827 3050 865 3109 30
896 3069 927 3108 n.
959 3046 1029 3125 25),
1064 3048 1096 3106 in
1128 3065 1196 3122 cap.
1227 3046 1282 3122 36,
1317 3047 1349 3103 in
1376 3062 1440 3120 quo

214 3147 324 3205 contra
346 3147 545 3207 Herodotum
566 3149 742 3207 Naxiorum
763 3148 896 3223 suscipit
917 3147 1151 3221 defensionem,
1175 3145 1231 3204 ubi
1253 3146 1375 3204 certum
1391 3145 1440 3201 est

213 3259 303 3319 eum,
338 3246 374 3302 ut
404 3245 437 3302 in
467 3246 528 3304 illis
561 3246 734 3322 capitibus,
769 3247 890 3321 Ephori
922 3262 1037 3304 nomen
1070 3244 1289 3319 neglecturum
1320 3241 1436 3315 fuisse,

214 3340 274 3399 nisi
306 3343 457 3417 Ephorus
489 3345 557 3418 ipse
588 3345 759 3404 indicasset
791 3362 825 3404 se
856 3346 889 3402 in
922 3361 1056 3403 numero
1085 3343 1216 3402 navium
1244 3340 1436 3413 Naxiarum,

214 3458 295 3514 quae
316 3439 445 3501 Graecis
466 3443 584 3502 auxilio
606 3443 784 3518 venissent,
810 3443 850 3502 ab
872 3443 1035 3502 Hellanico
1057 3441 1203 3500 recedere
1216 3436 1267 3515 30).

253 3540 367 3599 Utrum
400 3543 505 3600 autem
538 3542 668 3616 Ephoro
695 3542 764 3617 ipso
792 3560 888 3601 usum
916 3559 987 3600 esse
1015 3556 1203 3600 censeamus
1232 3537 1439 3596 Plutarchum

213 3669 251 3678 —
278 3655 352 3697 eum
379 3640 509 3698 omnino
537 3657 602 3699 non
631 3641 819 3715 cognovisse
847 3641 1013 3715 Ephorum
1042 3640 1078 3698 E.
1111 3637 1229 3713 Meyeri
1257 3637 1304 3694 est
1333 3634 1439 3708 opinio

214 3735 343 3796 Forsch.
375 3738 401 3795 Ι.
433 3737 507 3813 261,
539 3738 582 3796 II.
614 3738 652 3797 67
680 3772 719 3778 -
747 3756 788 3797 an
817 3755 873 3813 per
902 3739 1021 3798 fontem
1043 3737 1239 3810 derivatum,
1270 3734 1302 3792 id
1323 3748 1439 3807 parum

214 3837 341 3910 nostrae
361 3835 594 3910 disquisitionis
614 3836 755 3895 interest.

253 3932 410 4001 Quoniam
439 3934 680 4009 Theopompum
710 3952 758 4009 ep.
785 3934 842 3994 137
872 3951 912 3992 ex
944 3934 1074 4008 Ephoro
1101 3931 1251 4007 petivisse
1279 3927 1434 4001 vidimus,

213 4046 285 4088 eum
306 4035 336 4089 et
357 4032 493 4090 eundem
515 4032 667 4091 habuisse
688 4033 926 4107 epigrammatis
948 4035 1069 4091 textum
1091 4034 1187 4104 atque
1203 4029 1293 4085 illum
1310 4041 1439 4083 necesse

214 4131 260 4187 est
277 4132 307 4188 et
324 4131 434 4189 eadem
453 4131 645 4190 narrationis
663 4132 817 4191 elementa
838 4128 967 4207 (nornen
983 4132 1094 4205 poetae
1108 4127 1280 4200 omissum,
1301 4138 1435 4196 uxores,

246 4406 280 4469 29)
315 4409 472 4458 emathios
495 4413 585 4458 autern
610 4414 650 4458 est
667 4409 827 4472 Cleocritus,
851 4410 897 4473 qui
916 4409 985 4457 Plut.
1004 4409 1048 4457 Ar.
1066 4406 1082 4455 8
1099 4406 1307 4456 Themistoclem
1325 4401 1445 4450 oratione

213 4507 256 4541 car
274 4494 302 4542 it.

246 4509 279 4639 31))
313 4581 368 4626 τῶν
384 4572 432 4640 μὲν
449 4573 636 4642 πρεσβυτέρων
650 4574 848 4632 Ἑλλάνικος
867 4577 909 4640 (fr.
919 4577 965 4640 81,
985 4577 1059 4628 FllG.
1076 4577 1094 4625 l.
1112 4577 1169 4639 56),
1188 4575 1243 4621 τῶν
1261 4570 1291 4623 δέ
1308 4565 1449 4632 νεωτέρων

208 4658 352 4725 Ἔφορος
370 4661 414 4724 (fr.
424 4661 487 4726 113,
504 4661 699 4726 81161365),
718 4658 733 4709 ὁ
748 4658 797 4724 μὲν
814 4660 857 4722 έξ,
875 4660 890 4710 ὁ
907 4657 936 4711 δὲ
953 4659 1029 4711 πέντε
1047 4658 1125 4709 ναυσὶ
1143 4655 1203 4712 τοὺς
1222 4656 1343 4718 Ναξίονς
1360 4651 1449 4702 ἐλθεῖν

214 4749 264 4800 τοῖς
270 4743 378 4810 Ἕλλησι
390 4743 556 4811 βόυθοῦντας
569 4744 716 4811 ἱστορήσας.
736 4747 864 4797 Hellanici
877 4746 972 4796 notitia
985 4747 1129 4796 Plutarcho
1143 4744 1271 4794 nimirum
1284 4758 1314 4792 ex
1326 4741 1447 4804 Ephorea
1524 4735 1530 4748 '

215 4837 275 4880 nota
291 4837 356 4882 erat.
375 4831 414 4881 Cf.
432 4830 445 4894 5
462 4830 502 4881 te.
