3546 5724
358 507 360 512 ’
393 518 468 593 oap.
494 519 519 576 1.
958 516 1023 582 ,aa
1523 515 1542 594 ἓ
1564 517 1610 575 21.

392 704 599 764 donariorum
621 702 750 778 Delphis
771 702 898 778 effodit,
923 703 1109 762 Wilhelm
1132 701 1249 779 (1899),
1274 704 1330 778 qui
1344 703 1465 779 lapides
1480 704 1615 779 repperit

392 803 658 880 epigrammatum
688 799 744 860 107
772 803 803 860 et
832 801 889 861 150
909 799 949 876 57)
979 803 1075 876 atque
1102 801 1341 877 epigrammatis
1369 801 1426 861 108
1446 801 1615 876 fragmenti

393 900 614 976 apographum
642 899 772 975 agnovit
793 898 825 957 in
848 899 946 973 cia,
980 897 1254 958 Stadtmiiller
1276 898 1385 975 (1895,
1412 897 1494 976 ’99),
1526 899 1615 959 ouius

392 1000 540 1058 accurata
577 996 694 1056 eodiois
730 995 864 1056 Palatini
900 996 1111 1071 descriptione
1145 997 1358 1072 eomplurium
1394 998 1615 1072 quaestionum

391 1096 669 1156 diiudicandarum
689 1094 825 1154 facultas
846 1095 974 1154 demum
995 1095 1069 1154 data
1090 1098 1148 1154 est.

432 1193 582 1254 Nondum
609 1196 716 1253 autem
744 1194 923 1268 conscripta
951 1196 999 1252 est
1027 1194 1265 1269 commentata,
1299 1195 1332 1252 in
1361 1211 1425 1268 qua
1452 1193 1613 1270 omnium,

393 1295 550 1368 quotquot
576 1295 702 1367 extant,
732 1293 998 1367 epigrammatum
1030 1291 1286 1352 Simonideorum
1308 1292 1419 1352 aetatis
1441 1294 1537 1366 atque
1557 1292 1616 1350 ori-

291 1393 298 1404 '
365 1383 368 1389 ’
393 1391 476 1467 ginis
507 1390 706 1465 inquisitioni
737 1389 936 1449 substruitur
967 1390 1229 1466 tundamentum,
1264 1390 1350 1465 quod
1378 1390 1411 1449 in
1439 1390 1617 1449 traditionis

393 1487 525 1547 historia
553 1487 674 1547 nititur.
709 1488 780 1556 Quo
800 1505 896 1563 opere
917 1488 1119 1563 suscipiendo
1140 1506 1177 1547 aa
1199 1487 1392 1562 perficiendo
1413 1487 1440 1546 si
1464 1487 1618 1547 Simonidi

392 1586 569 1660 litterisque
594 1586 765 1660 quiequam
787 1586 948 1660 profuisse
968 1586 1139 1646 lectoribus
1161 1586 1251 1644 visus
1272 1602 1341 1661 ero,
1372 1602 1502 1661 operam
1523 1587 1618 1660 atque

391 1683 497 1742 oleum
518 1701 568 1742 me
589 1700 654 1741 non
675 1699 809 1758 prorsus
830 1683 1008 1758 perdidisse
1028 1684 1157 1759 putabo.

425 1914 460 1978 57)
495 1918 595 1966 Iniuria
614 1915 739 1967 Wilhelm
764 1917 813 1966 hoe
836 1917 922 1980 lapide
940 1917 1136 1966 Wilarnowitzii
1153 1918 1186 1966 de
1204 1917 1361 1972 Simonideis
1378 1917 1539 1966 sententiam
1556 1931 1618 1966 con·

394 1999 527 2050 firmatam
544 2016 602 2051 esse
620 2002 723 2064 putavit
739 1999 820 2065 (quae
838 2017 946 2066 quoque
965 2001 1159 2052 Wilarnowitzii
1177 2002 1259 2064 ipsius
1277 2006 1317 2050 est
1334 2001 1421 2063 opinio
1439 1999 1529 2063 Textg.
1548 2015 1571 2063 p.
1587 1998 1618 2048 37

394 2101 418 2135 n.
437 2085 472 2147 l).
491 2086 588 2136 Herma
605 2101 621 2135 a
639 2086 782 2136 Wilhelmo
800 2085 1043 2149 inventusep.150
1061 2101 1123 2134 sane
1142 2085 1214 2149 prius
1230 2086 1350 2134 eontinet
1366 2086 1504 2134 distichon.
1522 2085 1553 2132 ln
1571 2085 1620 2133 hoc

393 2175 482 2219 autern
501 2172 692 2234 epigrammate
712 2172 865 2234 praesertim
883 2176 1005 2234 apparet,
1025 2175 1189 2234 quantopere
1207 2171 1328 2220 nocuerit
1345 2170 1407 2219 viris
1425 2169 1507 2218 doctis
1525 2184 1618 2231 parurn

393 2260 517 2304 accurata
541 2255 691 2304 traditionis
709 2256 833 2305 historiae
851 2256 953 2305 notitia.
972 2255 1202 2306 Demonstrabitur
1219 2255 1290 2304 erlirn
1309 2253 1322 2316 ἓ
1339 2253 1370 2303 91
1389 2256 1439 2304 hoc
1457 2253 1621 2316 epigramma

394 2354 409 2387 a
432 2339 564 2402 Meleagro
588 2341 702 2402 petitum
727 2355 758 2390 ex
782 2339 888 2404 Sylloge
911 2341 1149 2390 Anacreonte-a
1173 2343 1260 2390 aetate
1283 2340 1391 2388 deinum
1417 2339 1535 2388 Romana
1558 2354 1618 2388 euin

393 2424 527 2473 Simonide
546 2424 712 2475 librariorum
731 2441 819 2476 errore
836 2441 893 2476 esse
911 2426 1091 2476 coniunctum.
