3516 5712
446 477 522 556 cap.
548 475 615 555 ΠΙ,
642 479 688 539 14.
1031 477 1088 541 126

445 667 755 744 epigrammaticum,
787 667 819 725 in
849 685 914 742 quo
938 668 1103 744 legebatur
1124 668 1295 742 utriusque
1315 669 1578 745 epigrammatis
1608 675 1690 732 tra(

445 767 488 825 tio
511 765 551 840 S,
580 781 619 823 ex
641 782 704 839 quo
725 768 831 824 tamen
853 766 961 824 hausit
983 783 1083 825 unum
1106 783 1154 842 ep.
1179 767 1212 824 in
1235 767 1404 838 Aaronem
1434 769 1561 827 eadem
1592 773 1690 828 aute

445 863 626 921 collectione
652 862 919 938 epigrammatum
940 879 1021 922 usus
1042 863 1090 921 est
1113 863 1286 939 Cephalas‚
1317 864 1372 938 qui
1394 863 1427 922 in
1449 863 1687 942 Anthologia

445 980 546 1022 unum
578 979 626 1036 ep.
658 960 690 1018 in
723 960 818 1019 Paus.
853 961 979 1036 recepit.
1011 961 1104 1019 Nulla
1133 961 1231 1037 igitur
1260 963 1358 1022 restat
1386 962 1581 1040 dubitatio,
1626 983 1690 1039 qu}

444 1061 523 1119 illud
550 1059 817 1134 epigrammatum
846 1057 1048 1118 corollarium
1077 1059 1172 1117 fuerit
1201 1059 1378 1135 Meleagrea
1401 1061 1557 1136 Corona,
1600 1079 1690 1135 quai

444 1157 630 1218 adhibuisse
658 1156 829 1232 Diogenem
856 1155 920 1214 iam
948 1159 1041 1214 antea
1071 1154 1106 1232 (ᾖ
1138 1156 1174 1214 72
1204 1155 1291 1230 sqq.)
1321 1157 1494 1217 verisimile
1526 1159 1690 1217 duximu

445 1257 681 1332 Cephalamque
701 1254 899 1329 excerpsisse
919 1258 1052 1314 constat.
1078 1256 1136 1314 Illa
1158 1255 1329 1329 utriusque
1350 1256 1616 1332 epigrammatis
1641 1261 1690 1315 tra

444 1355 594 1414 ditionem
625 1353 646 1412 S
676 1371 714 1411 ex
745 1353 873 1430 Sylloge
896 1353 1078 1432 Simonides
1100 1355 1273 1428 acceperat.
1308 1354 1446 1412 Eaedem
1469 1356 1690 1428 quaestione

444 1455 525 1526 tres,
556 1467 638 1524 quas
666 1465 765 1524 supra
793 1451 833 1508 de
858 1468 906 1526 ep.
931 1451 963 1508 in
992 1452 1086 1509 Paus
1112 1451 1283 1510 solvendas
1304 1467 1375 1510 esse
1395 1451 1567 1527 diximuS‚
1608 1471 1688 1510 nun

444 1551 552 1624 deep.
577 1550 610 1607 in
632 1548 702 1606 Acr.
726 1548 893 1622 ponendae
914 1551 1000 1606 sunt.
1032 1548 1120 1617 Quas
1142 1549 1206 1608 iam
1227 1549 1395 1608 tractaturi
1417 1565 1552 1608 sumus

485 1647 613 1705 Poetarn
641 1677 680 1686 -
708 1644 854 1719 quisquis
883 1646 942 1704 fuit
956 1644 994 1722 81)
1018 1679 1056 1686 -
1077 1649 1252 1722 utrumque
1279 1665 1405 1706 carmen
1435 1665 1495 1724 pro
1521 1649 1690 1723 Empedo

444 1746 509 1804 cleo
530 1743 640 1803 haberi
663 1741 803 1801 voluisse
823 1760 896 1802 cum
918 1746 1039 1803 certum
1062 1745 1189 1804 videtur
1206 1763 1259 1820 eo,
1284 1747 1370 1819 quod
1384 1746 1417 1803 in
1433 1746 1690 1822 epigrammatis

446 1842 623 1902 Pausaniae
651 1857 748 1900 versu
777 1841 880 1915 primo
908 1843 1058 1902 suumin
1080 1859 1176 1902 usum
1198 1844 1354 1902 convertit
1377 1844 1592 1918 Empedoclis
1617 1844 1688 1901 libr

444 1939 514 2018 napi
536 1938 665 2018 φύσεως
686 1939 852 1998 exordium
876 1936 976 2014 (apud
998 1941 1034 1998 D.
1047 1940 1081 1998 L.
1102 1938 1297 2015 laudatum),
1321 1943 1406 2015 tum,
1431 1941 1521 2014 quod
1546 1941 1690 1998 historia

443 2039 577 2098 Acronis
609 2038 746 2096 illustrat
778 2037 979 2112 Empedoclis
1012 2038 1148 2097 civitatis
1180 2039 1338 2113 regendae
1369 2037 1578 2112 sapientiam.
1618 2039 1690 2096 Iam

445 2139 551 2198 statim
579 2136 621 2195 ab
648 2136 737 2194 initio
758 2135 855 2211 igitur
877 2137 954 2194 haec
976 2134 1205 2211 epigrammata
1227 2154 1300 2195 cum
1322 2135 1526 2220 Empedoclis
1551 2137 1690 2194 nomine

444 2233 731 2310 coniungebantur.
763 2234 849 2308 Ergo
878 2233 1032 2293 Collector
1059 2250 1187 2308 quoque
1214 2251 1250 2292 ea
1279 2236 1315 2293 ut
1336 2234 1551 2309 Empedoclea
1576 2235 1687 2302 novit;

444 2337 555 2407 atque,
580 2349 651 2390 cum
675 2349 711 2389 ea
733 2331 765 2388 in
786 2330 935 2406 Syllogen
955 2332 1167 2391 Simonideam
1188 2333 1356 2407 reciperet,
1381 2348 1512 2390 necesse
1531 2335 1622 2406 erat,
1649 2335 1686 2390 ut

445 2429 626 2504 Empedocli
645 2445 681 2486 ea
700 2428 895 2486 abiudicaret
913 2430 942 2486 et
961 2428 1116 2488 Simonidi
1133 2429 1317 2488 vindicaret.
1342 2429 1412 2488 Hoc
1426 2429 1528 2504 igitur
1544 2430 1684 2508 interest

444 2528 526 2586 inter
540 2527 618 2584 baec
632 2526 696 2582 duc
710 2524 856 2600 Sylloges
870 2525 1071 2584 Simonideae
1084 2543 1154 2601 epp.
1169 2529 1199 2584 et
1214 2529 1331 2601 cetera,
1349 2543 1432 2600 quae
1446 2527 1479 2584 in
1490 2544 1528 2586 ea
1541 2527 1681 2586 affuisse

445 2626 581 2698 scimuS,
605 2623 691 2696 quod
713 2623 765 2680 illa
787 2624 849 2681 iam
871 2626 957 2682 certo
978 2634 1088 2699 poetae
1109 2624 1229 2683 tributa
1247 2624 1573 2699 circumferebantur,
1600 2626 1678 2682 haec

444 2725 536 2781 antea
558 2738 718 2796 anonyma
740 2721 840 2779 erant.
867 2722 936 2780 Hac
956 2724 1026 2796 ipsa
1048 2724 1154 2781 autem
1176 2739 1210 2780 re
1232 2739 1413 2797 movemur,
1441 2725 1477 2780 ut
1498 2724 1675 2796 utrumque

444 2819 690 2895 Empedocleum
718 2836 766 2894 ep.
798 2836 816 2877 a
843 2819 1015 2878 Collectore
1042 2819 1208 2879 inventum
1237 2837 1308 2878 esse
1335 2822 1485 2895 putemus
1507 2821 1539 2878 iu
1563 2821 1670 2878 eodem

444 2918 608 2992 scriptore.
640 2917 680 2976 Ut
708 2917 759 2974 hic
787 2917 923 2992 scriptor
951 2917 1019 2975 sive
1045 2918 1114 2992 ipse
1142 2918 1299 2977 indicetur
1327 2918 1395 2977 sive
1421 2919 1490 2976 eius
1517 2919 1665 2993 vestigia,

443 3017 475 3074 in
496 3015 566 3074 eius
587 3016 706 3074 fontem
728 3015 956 3088 inquirendum
977 3017 1041 3089 est,
1066 3015 1121 3088 qui
1143 3017 1317 3088 utrumque
1337 3032 1385 3091 ep.
1404 3015 1437 3073 in
1455 3015 1537 3074 trad.
1557 3017 1666 3090 Empe-

443 3116 550 3173 doclea
572 3114 714 3188 exhibet,
740 3131 783 3172 sc.
808 3114 967 3188 Diogenis

484 3214 564 3288 Epp.
589 3211 641 3270 illa
662 3211 726 3269 duo
748 3211 976 3286 Empedoclea,
999 3228 1081 3284 quae
1098 3212 1184 3270 haud
1200 3228 1317 3286 magno
1331 3211 1498 3270 intervallo
1513 3212 1660 3286 dirempta

444 3310 638 3384 afferantur,
669 3327 688 3368 a
717 3309 855 3385 Diogene
883 3343 922 3351 —
950 3311 985 3368 ut
1014 3327 1032 3368 a
1055 3309 1226 3369 Collectore
1246 3343 1286 3351 -
1306 3309 1393 3384 apud
1414 3308 1547 3369 eundem
1569 3311 1658 3384 scrip·

443 3412 542 3467 torem
565 3407 694 3465 inventa
715 3423 786 3465 esse
807 3409 1056 3466 consentaneum
1077 3409 1134 3466 est.
1160 3407 1206 3464 Ad
1228 3425 1277 3482 ep.
1301 3407 1335 3465 in
1350 3408 1446 3466 Paus
1464 3407 1543 3466 duos
1557 3408 1656 3466 laudat

444 3508 614 3582 scriptores
644 3503 704 3581 (ὥς
732 3526 827 3583 φησιν
851 3503 1109 3583 Ἀρίστιππος
1137 3502 1189 3564 καὶ
1215 3502 1430 3582 Σάτυρος),
1462 3505 1515 3579 qui
1534 3505 1589 3563 hoc
1608 3522 1650 3578 ep.

443 3606 781 3664 commemoraverunt.
809 3603 1051 3662 Sumendumne
1071 3606 1118 3662 est
1141 3604 1313 3679 Diogenem
1334 3636 1374 3644 -
1395 3606 1430 3662 ut
1444 3603 1475 3661 in
1490 3602 1548 3661 illis
1562 3602 1651 3676 dupli·

443 3704 533 3763 cibus
554 3702 743 3762 testimoniis
765 3702 834 3760 fieri
857 3703 935 3760 solet
959 3735 995 3742 —
1017 3719 1114 3760 usum
1135 3718 1206 3760 esse
1223 3719 1289 3759 uuo
1310 3700 1444 3776 Satyro,
1468 3701 1520 3774 qui
1533 3700 1648 3774 Aristip-

442 3819 519 3876 pum
535 3801 597 3859 iam
613 3798 824 3858 adduxisset?
844 3800 1023 3872 Utrumque
1037 3800 1177 3874 proiecto
1192 3816 1240 3873 ep.
1259 3817 1315 3873 per
1333 3798 1483 3874 Satyrum
1498 3799 1543 3856 vel
1557 3798 1647 3872 potius

444 3916 500 3973 per
511 3898 699 3957 Heraclidae
714 3898 822 3956 Lembi
839 3897 1006 3971 Epitomen
1024 3896 1192 3972 Satyream
1201 3894 1241 3971 89)
1258 3914 1331 3954 eum
1347 3895 1504 3972 accepisse
1517 3904 1644 3970 putemus

475 4111 510 4174 811)
546 4113 607 4175 Epp.
628 4113 791 4175 Empedoclis
808 4129 859 4162 non
875 4128 931 4162 esse
948 4115 987 4162 vel
1003 4113 1113 4176 antiqua
1129 4111 1328 4175 epigrammatis
1343 4115 1433 4160 monet
1447 4110 1552 4159 condicio
1566 4108 1585 4170 (ξ
1598 4107 1639 4158 nn.

443 4198 554 4246 Subdita
572 4199 694 4247 videntur
712 4199 879 4261 pbiloscpl103
900 4199 957 4246 iure
974 4199 1045 4247 inter
1063 4197 1128 4246 falsa
1146 4199 1273 4258 leguntur
1291 4196 1358 4259 apud
1378 4195 1515 4258 llielsium,
1529 4197 1567 4258 qui
1582 4195 1638 4244 llcn.

445 4285 500 4332 lter.
525 4283 590 4331 lteri.
615 4282 663 4330 Al.
686 4282 760 4332 18811,
784 4280 833 4330 361
858 4281 912 4331 nl
941 4297 979 4344 ep.
998 4282 1024 4329 in
1044 4282 1120 4330 Paus.
1140 4286 1231 4343 poetae
1250 4281 1399 4329 abiudicare
1418 4281 1536 4328 noluerat.
1560 4280 1635 4328 Utrum

442 4368 526 4416 cidem
545 4368 646 4417 auctori
664 4367 791 4416 debeatur
810 4372 954 4429 utrumque
973 4381 1011 4428 ep.
1031 4381 1126 4427 necne,
1147 4380 1198 4413 non
1217 4365 1343 4428 disquiro.

475 4450 510 4511 89)
546 4452 574 4500 l).
593 4452 620 4501 l..
645 4452 710 4501 vill.
737 4451 769 4498 53
795 4447 950 4512 Σάτυρος
977 4451 1019 4510 (fr.
1043 4449 1088 4512 lt,
1115 4448 1187 4498 FHG.
1213 4449 1256 4498 lll.
1279 4447 1341 4508 itt)
1367 4443 1397 4496 δὲ
1421 4443 1455 4496 ἕν
1477 4451 1536 4501 τοῖς
1555 4445 1632 4500 Βίοις

443 4532 524 4600 φησὶν
542 4533 580 4583 ὅτι
595 4532 778 4599 Ἐμπεδοκλῆς
796 4531 852 4589 υἱὸς
869 4529 918 4598 μὲν
935 4530 968 4598 ἦν
983 4529 1147 4592 Ἐξαινέτου,
1165 4529 1287 4581 κατέλιπε
1306 4528 1335 4580 δὲ
1352 4527 1398 4580 καὶ
1416 4525 1491 4586 αὐτὸς
1506 4529 1553 4580 υἱὸν
1564 4528 1630 4586 Ἐξαί-

442 4633 526 4668 νετον·
551 4616 596 4668 ἕπτ’
616 4637 641 4668 τε
665 4623 710 4684 τῆς
734 4615 815 4684 αὐτῆς
839 4615 1002 4682 ὀλυμπιάδος
1027 4615 1070 4667 τὸν
1093 4613 1142 4680 μὲν
1166 4615 1238 4680 ἵππῳ
1262 4613 1351 4680 κέλητι
1375 4612 1541 4680 νενικηκέναι,
1561 4611 1630 4667 ιὸνδέ·

442 4701 501 4754 οἷὸν
518 4701 599 4754 αὐτοῦ
616 4702 686 4768 πάλῃ
706 4701 737 4768 ἤ,
756 4700 793 4758 ὡς
808 4701 1040 4767 Ἡρακλείδης
1057 4699 1091 4751 ἕν
1109 4707 1145 4766 τῇ
1162 4699 1325 4765 Ἐπιτομῇ
1343 4701 1386 4764 (ir.
1401 4701 1431 4765 6,
1449 4701 1515 4752 FllG.
1529 4701 1627 4755 lllltilll.

443 4789 544 4854 δρόμῳ.
566 4789 629 4839 Vlll.
654 4789 686 4839 58
709 4785 822 4838 κατόλοι·
848 4785 878 4837 δέ
898 4805 963 4853 φησι
982 4789 1029 4850 (sc.
1047 4789 1202 4837 Aristoteles
1218 4781 1246 4836 ἕν
1264 4791 1301 4850 τῷ
1318 4782 1378 4850 περὶ
1395 4789 1507 4851 ποιητῶν
1521 4788 1544 4837 tr.
1558 4786 1583 4836 nl
1596 4786 1627 4841 11.)
