3516 5712
772 541 810 604 aa
1300 537 1329 621 a
1353 543 1401 604 55.
1479 573 1495 596 2

180 738 374 810 quantopere
393 732 614 792 ostentationis
636 733 747 807 plenae
762 731 841 790 sint:
863 748 889 790 e.
904 748 935 806 g.
956 730 1153 806 epigramma
1167 730 1404 791 Marathonium

181 832 243 910 (90)
272 836 304 892 et
333 833 524 909 Byzantium
555 828 641 908 (104)
671 832 701 888 et
729 830 781 889 illa
805 829 1036 907 epigrammata
1057 831 1181 905 omnia,
1212 848 1295 905 quae
1315 834 1405 891 tanto

179 933 244 990 suis
267 928 472 1008 (adversarii)
495 928 780 989 declamationibus
801 929 841 986 de
862 927 1050 987 Marathone
1071 930 1101 986 et
1118 927 1279 987 Salamine
1296 946 1404 1004 praes-

179 1031 242 1088 tent
263 1027 302 1105 16)
325 1031 357 1088 et
377 1027 666 1103 Eurymedontium
690 1024 775 1103 (142)
798 1031 829 1085 et
849 1027 1041 1084 Atheniense
1061 1027 1258 1102 epigramma
1279 1027 1404 1086 donarii

178 1128 303 1187 Boeotis
322 1126 651 1200 Chalcidensibusque
668 1124 800 1184 devictis
813 1126 975 1183 Minervae
986 1124 1121 1184 dedicati
1131 1126 1161 1184 et
1172 1125 1271 1183 multa
1283 1126 1343 1184 alia
1349 1121 1400 1200 17).

180 1225 211 1285 Si
239 1225 446 1285 adversarius
474 1224 590 1283 obiciat
616 1223 788 1283 universae
809 1223 942 1281 rationis
964 1222 1089 1282 dicendi
1110 1222 1143 1280 in
1164 1223 1404 1298 epigrammatis

176 1323 288 1382 obviae
307 1323 479 1399 imaginem
498 1340 562 1381 non
581 1321 733 1397 praebere
747 1321 891 1395 exempla
905 1320 1049 1394 laudata,
1074 1320 1192 1396 quippe
1206 1337 1289 1394 quae
1302 1321 1404 1380 Attica

176 1421 239 1480 sint
266 1421 401 1495 ideoque
428 1420 621 1480 ferventiora
642 1417 700 1494 18),
732 1421 857 1493 reputet
876 1421 983 1492 ipsum
1007 1415 1204 1494 (Aristidem)
1228 1419 1403 1478 Atticorum

174 1519 205 1577 in
235 1519 343 1577 studio
370 1518 496 1578 dicendi
517 1518 672 1577 asseclam
693 1516 832 1576 Atticum
854 1533 975 1575 morem
996 1533 1061 1574 non
1083 1516 1247 1590 dedecere;
1270 1518 1403 1577 eandem

175 1620 338 1692 praeterea
365 1616 508 1675 obtinere
532 1615 776 1674 ostentationem
797 1615 831 1672 in
854 1614 975 1672 Doricis
998 1614 1226 1688 Laconicisque
1246 1615 1402 1691 epigram-

176 1715 286 1789 matiS,
322 1717 357 1772 ut
388 1715 420 1772 in
452 1714 681 1789 epigrammate
709 1712 971 1787 Thermopyleusi
995 1709 1080 1788 (91),
1111 1712 1230 1786 inquo
1251 1716 1404 1787 quattuor

175 1813 260 1872 milia
287 1813 454 1872 hominum
480 1813 586 1871 tricies
607 1811 748 1872 centenis
770 1811 925 1870 restitisse
945 1810 1110 1885 dicantur,
1141 1810 1225 1868 etin
1247 1811 1403 1886 epigram·

174 1914 258 1970 mate
280 1911 481 1971 Corinthiaco
495 1908 572 1987 (97),
597 1911 630 1968 in
645 1927 710 1984 quo
724 1909 841 1968 mortui
856 1909 918 1985 ipsi
933 1925 984 1968 res
1003 1909 1165 1983 praeclare
1182 1911 1288 1985 gestas
1306 1910 1402 1985 profi·

174 2012 312 2068 teantur.
343 2010 413 2068 Hos
434 2009 462 2068 ei
483 2009 678 2068 cauillandos
699 2025 770 2067 esse
791 2010 921 2083 propter
942 2008 1179 2083 garrulitatem,
1210 2025 1282 2066 cum
1305 2009 1403 2082 quieti

173 2119 336 2166 essenon
364 2107 541 2166 didicerint.
576 2108 614 2165 At
643 2109 712 2165 tum
733 2123 807 2165 eum
828 2107 907 2165 adeo
929 2107 1033 2164 virum
1058 2105 1259 2165 Simonideae
1279 2105 1402 2164 modes·

173 2206 233 2265 tiae
256 2204 294 2282 19)
317 2207 475 2266 facessere
494 2207 661 2264 iussurum
683 2222 754 2264 esse
770 2205 875 2280 lepido
890 2222 1003 2264 versu:
1029 2203 1074 2263 ‘tu
1089 2204 1191 2280 magis
1206 2221 1240 2262 es
1255 2206 1401 2263 mortuus

172 2321 272 2378 quam
292 2305 335 2363 illi
357 2303 495 2379 sepulti’.

204 2492 241 2554 16)
276 2491 441 2542 Sententiam
460 2489 485 2553 (ἓ
502 2487 547 2552 63)
564 2485 610 2538 καὶ
627 2485 711 2538 πάντα
728 2485 831 2548 ἐκεῖνα,
854 2485 955 2538 καλλίω
973 2491 1026 2536 τῶν
1044 2490 1111 2552 σῶν,
1135 2482 1222 2552 οἶμαι,
1243 2485 1331 2554 λόγων
1347 2485 1402 2538 ε’πι-

171 2574 315 2640 γράμματα
337 2577 437 2640 optime
454 2574 594 2638 explicavit
612 2575 789 2624 Wilamowitz
807 2575 877 2637 apud
896 2574 1027 2622 Keilium:
1051 2569 1226 2623 ‘declamabat
1242 2589 1336 2638 nempe
1353 2576 1403 2624 iste

172 2664 203 2712 de
220 2663 379 2712 Marathone
397 2665 425 2709 et
442 2659 592 2710 Salamine'.

203 2745 240 2809 17)
276 2746 361 2795 Verba
378 2739 450 2807 οἶμαι
467 2740 534 2807 λέγει
552 2739 581 2792 τὸ
598 2739 749 2808 ἐπίγραμμα
766 2739 814 2792 καὶ
829 2739 912 2792 πολλὰ
929 2741 1004 2807 ἔτερα
1022 2742 1047 2805 (ᾗ
1064 2743 1109 2806 61)
1127 2744 1209 2807 primo
1227 2747 1282 2794 loco
1300 2746 1403 2808 virgula

171 2841 229 2895 post
246 2827 399 2894 ἐπίγραμμα
418 2833 482 2878 sunt
496 2829 684 2892 distinguenda
698 2828 741 2889 (ut
757 2828 787 2878 ht
801 2831 828 2878 in
844 2830 884 2878 ed.
899 2827 1002 2890 Jebbii).
1021 2829 1134 2878 Dindori
1145 2830 1235 2877 omisit
1248 2830 1402 2892 interpunc-

171 2919 287 2979 tionem,
306 2917 363 2964 Keil
379 2920 486 2964 tantum
502 2919 561 2978 post
574 2908 647 2976 οἶμαι
662 2914 789 2963 distinxit.
808 2910 860 2962 Καὶ
872 2909 955 2962 πολλὰ
967 2911 1041 2976 ἕτερα
1054 2915 1108 2963 scil.
1120 2909 1311 2977 ἐπιγράμματα.
1331 2915 1403 2963 Hanc

171 3002 369 3051 distinctionem
392 3004 492 3048 rectam
510 3013 566 3048 esse
585 3004 721 3062 praeterea
738 3000 814 3049 docet
830 3001 1023 3048 sententiarum
1041 2999 1228 3061 congruentia,
1251 3013 1305 3062 qua
1322 3000 1402 3048 simul

170 3087 372 3136 demonstratur
389 3084 522 3133 rhetorem
542 3083 618 3132 unice
633 3083 856 3146 epigrammatum
873 3099 958 3147 genus
974 3084 1128 3132 uniuersum
1143 3083 1259 3132 iudicare
1276 3085 1401 3133 voluisse:

440 3163 535 3216 καὶτὰ
553 3163 641 3216 τοιάδε
973 3183 1027 3232 seq.
1045 3184 1085 3232 ep.
1119 3167 1187 3280 90)

440 3248 487 3301 καὶ
973 3268 1027 3317 seq.
1045 3268 1085 3316 ep.
1104 3252 1153 3302 104

472 3333 519 3388 καὶ
541 3334 646 3387 πάντα
676 3333 793 3387 ἐκεῖνα
821 3376 950 3388 ......
969 3283 1186 3402 ἐπιγράμματα(

439 3418 486 3472 καὶ
503 3419 539 3472 ἔτι
556 3440 585 3488 γε
600 3419 701 3487 μᾶλλον
972 3437 1026 3486 seq.
1045 3437 1084 3486 ep.
1103 3421 1153 3472 lla
1171 3428 1188 3538 l

439 3503 486 3556 καὶ
502 3505 556 3572 πρό
572 3525 601 3573 γε
618 3504 719 3556 τούτων
974 3522 1029 3570 seq.
1046 3522 1086 3571 ep.
1107 3505 1153 3556 132

472 3589 519 3641 καὶ
540 3587 647 3641 πολλὰ
670 3589 768 3655 ἕτερα
792 3593 846 3641 scil.
870 3629 900 3641 ..
920 3631 925 3641 .
945 3630 950 3641 .
968 3539 1185 3655 ἐπιγράμματα(

169 3677 256 3726 Verba
279 3671 351 3739 οἶμαι
375 3673 442 3740 λέγει
465 3673 494 3741 ad
518 3673 601 3741 ἔπίγρ.
627 3692 658 3726 ex
676 3678 766 3741 inepta
784 3678 954 3740 neglegentia
972 3678 1109 3726 rhetorum
1129 3679 1302 3741 posteriorum
1322 3680 1400 3728 intel-

169 3762 283 3822 legenda
301 3767 365 3811 sunt
381 3760 425 3823 (cf.
444 3759 456 3822 ἓ
474 3760 526 3823 ul).

202 3844 238 3908 18)
275 3846 361 3896 Verba
385 3841 418 3909 νὴ
445 3842 500 3906 Δί’,
526 3841 591 3894 ἀλλὰ
618 3849 697 3895 ταῦτα
721 3841 821 3894 Ἀττικὰ
846 3841 893 3894 καὶ
919 3843 1069 3910 θερμότερα
1093 3863 1123 3897 ex
1147 3847 1288 3896 aduersarii
1313 3851 1401 3896 mente

168 3932 310 3994 dicuntur,
338 3935 368 3979 ut
390 3936 448 3979 tota
470 3931 693 3994 epigrammatum
718 3931 798 3980 series
821 3931 953 3994 repudiari
978 3946 1052 3994 posse
1077 3933 1211 3994 ridentum
1237 3932 1306 3994 quod
1331 3933 1401 3995 fugit

168 4015 315 4080 Bergkium
339 4021 421 4080 atque
444 4016 602 4080 Pregerum,
626 4017 673 4080 qui
691 4031 722 4064 ea
738 4016 893 4065 adiecerunt
910 4017 1062 4065 testimonio
1079 4017 1277 4080 epigrammatis
1295 4030 1400 4079 praece·

168 4101 259 4149 dentis
277 4097 334 4148 132.

201 4183 238 4246 l9)
274 4184 312 4234 Gi.
338 4185 536 4234 Wilamowitzii
563 4185 642 4234 verba
668 4200 747 4248 supra
773 4187 862 4235 allata.
889 4185 998 4249 Propter
1024 4187 1181 4235 modestiam
1207 4187 1399 4235 conclamatam

168 4269 261 4318 rhetor
278 4267 442 4318 Simonidem
461 4284 533 4318 nunc
550 4274 755 4332 commemorat3
779 4285 885 4332 prorsus
903 4277 993 4321 autem
1013 4285 1064 4320 non
1083 4276 1188 4321 constat
1204 4286 1324 4334 versum,
1347 4286 1400 4335 quo

168 4359 266 4402 utatur
291 4354 330 4402 vir
355 4353 537 4415 Simonidem,
563 4354 706 4404 Simonidis
732 4370 788 4404 esse
814 4354 857 4417 (fr.
880 4354 914 4404 90
937 4354 1027 4420 Egla),
1053 4358 1152 4405 nedum
1177 4355 1319 4405 Simonidis
1344 4371 1400 4406 esse

167 4443 300 4500 putentur
324 4453 429 4500 versuS,
452 4439 498 4500 qui
523 4438 617 4488 deiude
640 4439 789 4488 adversario
813 4440 973 4489 diiudicandi
998 4445 1182 4503 proponuntur
1198 4439 1242 4502 (ir.
1260 4440 1312 4501 lu).
1339 4441 1401 4489 Post

167 4521 350 4572 Simonideam
368 4523 538 4586 modestiam,
557 4536 573 4570 a
590 4537 644 4586 qua
662 4525 794 4586 profectus
811 4529 881 4586 erat,
899 4525 986 4574 denuo
1004 4525 1155 4588 laudatam,
1174 4527 1205 4574 de
1223 4525 1400 4588 epigramma-

167 4612 227 4655 tum
253 4607 340 4655 indole
362 4607 513 4670 disputandi
532 4607 595 4656 lacit
613 4607 693 4656 Auem
711 4613 792 4672 atque
811 4609 897 4671 pergit
914 4609 1041 4658 disserere
1060 4611 1091 4658 de
1110 4616 1247 4672 poetarum
1265 4611 1399 4659 iactantia.

167 4691 264 4740 llilleri
286 4689 322 4753 (p.
340 4688 401 4752 237)
424 4692 491 4741 ratio
512 4692 595 4756 igitur
620 4692 751 4741 reicienda
774 4697 827 4756 est,
854 4707 908 4755 qua
932 4693 1062 4756 explicare
1086 4699 1196 4743 conatus
1219 4699 1273 4754 est,
1297 4711 1343 4744 cur
1366 4695 1398 4742 ad

166 4773 333 4825 Simonidem
351 4776 448 4825 rediret
467 4776 608 4825 Aristides:
630 4773 697 4825 ‘weil
715 4791 744 4825 er
761 4777 850 4825 diesen
868 4776 977 4826 Dichter
996 4777 1061 4826 kurz
1079 4779 1173 4827 vorher
1191 4779 1336 4842 angeliihrt
1353 4779 1399 4826 hat

167 4861 222 4910 und
247 4861 320 4910 seine
337 4861 461 4910 Poesieen
480 4863 535 4910 ihm
554 4860 637 4910 daher
653 4875 696 4910 am
715 4861 843 4911 ndchsten
861 4861 964 4924 liegen'.
