3546 5724
394 478 469 566 Cap.
495 479 520 549 l.
988 479 1023 548 lt

393 678 589 755 epigramma
625 689 738 738 vocare
773 673 923 737 solebam.
969 674 1151 738 Herodotus
1186 675 1291 738 autem
1326 672 1395 754 ipse
1428 671 1525 738 tradit
1560 673 1618 740 hoc

393 777 620 853 epigrammate
651 777 791 851 laudari,
825 777 880 851 qui
911 777 943 834 in
973 776 1195 853 Thermopylis
1223 777 1446 851 occubuerint,
1481 796 1618 838 omnes

395 877 484 954 (τοῖσι
511 876 607 933 πᾶσι
636 871 886 951 ἕττιγὲγρστιτσι);
916 892 998 948 quos
1025 875 1093 948 ipse
1118 875 1265 934 bifariam
1291 876 1417 934 dividit:
1440 893 1493 934 cos
1517 874 1617 954 (θαφ-

393 974 474 1035 ιλεῖσι
506 971 540 1031 δέ
572 993 627 1050 σοι
655 969 752 1031 αὐτοῦ
781 970 874 1050 ταύτῃ
903 970 1001 1047 κτλ),
1033 973 1088 1046 qui
1109 973 1142 1030 in
1163 973 1233 1048 ipso
1255 973 1417 1048 praeclaro
1439 974 1557 1048 proelio
1578 974 1617 1033 ad

394 1090 494 1132 unum
515 1087 626 1129 omnes
648 1070 803 1129 interiecti
825 1071 902 1128 sunt
925 1068 1101 1145 (Herodoto
1122 1073 1251 1129 auctore
1274 1070 1453 1145 Spartiatae
1474 1073 1504 1130 et
1521 1072 1618 1130 Thes·

393 1155 551 1247 piensesl,¹
582 1171 678 1243 atque
705 1185 758 1226 eos
790 1166 823 1243 (κ
832 1165 869 1226 ci
894 1170 969 1227 τοῖσι
990 1165 1145 1244 πρότερον
1166 1165 1359 1246 τελευτήσασι
1380 1166 1479 1244 κτλ),
1510 1169 1617 1243 quiin

393 1268 554 1345 prioribus
584 1266 701 1341 pugnis
731 1268 804 1325 ante
825 1266 1057 1325 Immortalium
1080 1266 1247 1326 circuitum
1269 1267 1475 1326 conciderunt
1498 1265 1618 1342 (Peio-

394 1364 599 1442 ponnesii,
622 1364 848 1438 ThespienseS‚
870 1364 1028 1439 Thebani,
1054 1365 1249 1440 Phocenses
1276 1364 1474 1440 Locrenses).
1499 1364 1618 1433 Quaes-

394 1466 495 1524 tiones
523 1463 620 1538 igitur
648 1463 730 1521 duae
759 1465 851 1536 sunt,
883 1463 922 1520 ad
951 1479 1089 1537 quarum
1117 1462 1306 1521 solutionem
1329 1462 1499 1521 Herodotei
1522 1463 1618 1521 fontis

393 1561 555 1637 indagatio
576 1560 713 1618 tortasse
734 1560 849 1618 ducere
870 1561 987 1633 potest:
1012 1558 1042 1635 1)
1066 1560 1121 1634 qui
1142 1560 1212 1619 fieri
1234 1562 1353 1635 potest,
1378 1564 1413 1618 ut
1436 1560 1618 1619 Herodotus

394 1662 453 1719 hoc
484 1658 711 1732 epigrammate
742 1674 796 1715 eos
827 1674 955 1731 quoque
983 1657 1134 1716 celebrari
1162 1658 1262 1733 dicat,
1296 1659 1351 1733 qui
1380 1675 1451 1717 curn
1481 1659 1618 1718 Leonida

335 1806 338 1814 τ
394 1759 511 1817 claram
539 1755 762 1830 oppetiverunt
790 1758 938 1827 mortem;
972 1754 1004 1830 2)
1034 1772 1098 1830 qua
1127 1774 1161 1814 re
1188 1757 1220 1814 in
1245 1757 1473 1832 epigrammate
1494 1759 1618 1816 tantum

395 1852 614 1930 Peloponnesii
636 1852 756 1911 laudati
779 1855 870 1928 sunt,
901 1870 973 1911 curn
995 1856 1120 1927 praeter
1141 1871 1194 1912 eos
1217 1856 1368 1927 quattuor
1389 1858 1500 1929 gentes
1521 1857 1618 1913 certa-

394 1954 471 2013 mini
492 1951 676 2010 interfuisse
696 1950 875 2009 tradantur.
900 1950 938 2025 15)

434 2054 483 2110 Ex
518 2050 615 2109 fontis
652 2049 822 2107 Herodotei
859 2049 1102 2124 investigatione
1137 2050 1274 2123 denique
1310 2051 1457 2125 cognosci
1494 2053 1616 2125 potest,

394 2153 553 2227 quatenus
582 2146 782 2206 Herodoteus
810 2147 1076 2221 epigrammatum
1098 2149 1205 2205 textus
1226 2148 1387 2222 genuinus
1409 2148 1459 2206 sit.
1494 2149 1540 2206 Ne
1560 2148 1618 2207 iec-

393 2249 517 2308 toribus
545 2247 654 2304 videar
676 2245 796 2303 nodum
817 2245 849 2302 in
872 2245 976 2319 scirpo
998 2262 1168 2321 quaerere,
1199 2263 1253 2304 eos
1275 2247 1411 2304 monitos
1433 2263 1504 2304 esse
1526 2245 1618 2307 veiim

394 2363 528 2422 prorsus
561 2362 624 2403 non
657 2343 820 2402 affirmare
852 2361 912 2402 nos
943 2361 1053 2418 posse,
1089 2344 1149 2402 nisi
1181 2344 1213 2402 in
1245 2361 1311 2403 rem
1344 2344 1489 2403 consulto
1517 2345 1619 2419 inqui·

395 2441 884 2516 siverimus,‘epigrammatum
915 2443 1036 2499 textum
1069 2441 1109 2500 ab
1142 2441 1303 2500 Herodoto
1335 2442 1427 2500 nobis
1459 2443 1618 2518 integrum

394 2543 546 2602 traditum
574 2557 653 2599 esse.
689 2539 937 2615 Epigrammatis
966 2541 1048 2597 enirn
1079 2540 1116 2598 92
1145 2540 1243 2598 altera
1272 2557 1400 2614 quoque
1427 2541 1554 2600 traditio
1579 2542 1619 2600 ad

395 2658 453 2700 nos
485 2639 629 2715 pervenit
663 2635 715 2712 (ci.
753 2635 772 2713 ᾖ
806 2637 843 2694 44
876 2654 943 2711 sq.,
985 2635 1003 2714 ξ
1039 2636 1158 2713 137,6);
1196 2638 1303 2711 itaque
1334 2639 1508 2713 quaeritur,
1547 2642 1619 2697 utra

395 2738 570 2815 genuinum
592 2738 713 2795 textum
736 2737 959 2809 repraesentet.

436 2836 526 2914 §1:3.
572 2833 623 2894 De
643 2831 799 2892 virorum
821 2832 1002 2896 doctorum
1025 2831 1259 2911 opinionibus.
1306 2835 1423 2910 Preger
1444 2852 1529 2893 unus
1551 2835 1619 2892 ion-

394 2939 456 2994 tem
485 2933 625 2992 indicare
654 2935 786 2991 conatus
815 2935 879 3008 est,
910 2950 949 2991 ex
976 2950 1040 3007 quo
1070 2933 1252 2991 Herodotus
1280 2933 1423 2992 notitiam
1451 2925 1490 2990 de
1520 2932 1619 2991 Simo-

395 3033 468 3092 nide
489 3031 652 3106 Megistiae
672 3031 967 3104 inscriptionis
990 3031 1168 3090 dedicatore
1185 3030 1385 3090 derivaverit.
1412 3031 1619 3089 Communem

394 3133 513 3190 iontem
541 3146 612 3187 esse
640 3129 713 3186 huic
741 3129 870 3187 notitiae
897 3147 969 3187 cum
999 3132 1086 3188 textu
1115 3129 1381 3205 epigrammatum
1409 3129 1527 3204 optimo
1551 3129 1621 3186 iure

394 3275 553 3284 ——-—-

394 3371 467 3414 stens
487 3364 554 3412 nach
573 3364 632 3412 dem
652 3362 755 3411 inbuite
774 3362 819 3412 des
839 3363 1003 3425 Epigramms
1021 3379 1052 3410 zu
1073 3363 1205 3412 urtireilen
1224 3378 1271 3426 gar
1289 3363 1364 3411 nicbt
1382 3363 1429 3410 bat
1446 3361 1502 3410 sein
1520 3361 1620 3410 solien'.

396 3450 486 3499 Virum
511 3450 542 3497 cl.
566 3449 638 3496 solus
661 3453 767 3496 secutus
788 3451 829 3496 est
853 3447 962 3509 Preger,
986 3447 1032 3510 qui
1056 3462 1094 3510 ep.
1119 3462 1134 3495 a
1158 3447 1252 3496 ceteris
1274 3445 1544 3508 Thermopyiensibus
1568 3445 1621 3492 dis-

394 3535 515 3582 iunctum
535 3533 605 3581 iuter
619 3532 712 3580 titulos
728 3532 843 3594 reliquos
860 3529 887 3593 (i.
897 3547 918 3580 e.
933 3547 981 3581 nec
994 3531 1154 3595 sepulcrales
1167 3546 1214 3580 nec
1229 3528 1412 3590 dedicatorios)
1425 3545 1450 3578 n.
1460 3528 1509 3578 200
1521 3530 1621 3578 attulit.

396 3619 488 3680 Neque
512 3631 604 3666 omnes
623 3617 823 3679 Peloponnesios
842 3616 1011 3665 cecidisse
1029 3616 1164 3678 inscriptio
1183 3615 1334 3678 profitetur,
1360 3619 1389 3662 ut
1407 3613 1480 3662 Stein
1499 3612 1542 3674 (ad
1563 3613 1621 3664 loci

395 3708 422 3752 et
445 3701 594 3753 Welzboler
619 3701 704 3750 Fleck.
729 3700 767 3750 ib.
791 3699 849 3750 lli.
876 3699 938 3748 1892
963 3716 986 3762 p.
1004 3698 1053 3748 673
1075 3705 1177 3763 putant.
1206 3701 1273 3750 Sane
1293 3700 1351 3748 Her.
1371 3699 1438 3747 vill:
1455 3697 1487 3746 ‘25
1504 3693 1621 3760 τέσσερες

394 3781 508 3850 χιλιάδες
525 3786 682 3835 interfectae
699 3800 755 3836 esse
772 3785 913 3847 dicuntur,
931 3784 974 3834 sed
995 3786 1060 3834 baec
1077 3785 1157 3834 verba
1174 3810 1206 3818 -
1221 3784 1275 3833 sive
1290 3799 1334 3846 pro
1348 3784 1468 3833 insiticiis
1481 3783 1622 3845 habentur,

395 3872 448 3920 sire
466 3885 518 3920 non
538 3869 671 3919 habentur
689 3895 721 3902 —
739 3884 770 3918 ex
788 3869 979 3932 epigrammate
997 3869 1051 3932 ipso
1070 3870 1139 3918 male
1158 3869 1293 3918 intellecto
1312 3868 1393 3930 petita
1410 3883 1466 3917 esse
1485 3867 1621 3916 videntur:

395 3953 561 4005 ‘vermutiicb
581 3955 690 4003 irandeit
707 3969 734 4003 es
752 3955 806 4003 sion
825 3955 889 4003 aber
908 3970 959 4004 nur
977 3970 1023 4003 um
1041 3955 1099 4003 eine
1113 3935 1301 4016 iibertragung
1317 3953 1363 4001 der
1377 3946 1492 4015 χιλιάδες
1507 3946 1621 4014 τέτορες,

396 4042 495 4089 welche
513 4041 580 4089 nacla
599 4040 645 4088 der
660 4038 854 4089 Grabinscirriit
869 4035 999 4103 ἐμάχοντο
1016 4040 1064 4088 aui
1077 4039 1120 4087 die
1136 4038 1198 4087 Zabi
1212 4039 1259 4086 der
1275 4035 1438 4086 Gelaiienen'
1453 4035 1564 4096 (anoit.
1579 4032 1621 4084 112.

395 4124 443 4173 ⁶87
462 4140 486 4174 n.
505 4123 540 4188 2).
560 4125 594 4172 Ex
614 4124 761 4174 Herodotea
780 4125 930 4174 narratione
949 4125 1005 4187 ipsa
1023 4128 1131 4187 apparet
1149 4123 1352 4186 Peloponnesios
1370 4120 1498 4184 prioribus
1516 4124 1621 4168 tantiam

363 4265 371 4280 ·
396 4210 548 4260 interfuisse
565 4210 681 4272 proeliis,
699 4224 836 4258 summurn
852 4215 941 4258 autem
958 4223 1018 4257 cum
1036 4209 1147 4257 instaret
1163 4207 1323 4271 periculum,
1342 4221 1357 4254 a
1373 4206 1487 4254 Leonida
1501 4205 1622 4254 dimissos

395 4311 451 4344 esse
478 4301 581 4357 praeter
603 4294 748 4357 Spartiates
771 4295 848 4356 ipsos.
876 4295 911 4343 De
931 4294 1010 4343 buius
1028 4293 1226 4356 epigrammatis
1244 4292 1347 4341 dicendi
1364 4291 1467 4340 ratione
1486 4291 1550 4339 mihi
1568 4290 1621 4338 dis-

396 4381 544 4444 putandum
570 4380 621 4428 erit
646 4381 672 4429 in
700 4380 784 4428 altera
809 4385 883 4442 parte
910 4380 990 4428 huius
1016 4377 1254 4427 commentationis.
1281 4402 1313 4409 —
1342 4375 1535 4437 Peloponnesiis
1556 4372 1623 4422 3100

395 4482 462 4530 quos
476 4469 616 4514 enumerat
631 4465 778 4514 Herodotus
790 4464 840 4512 Vii.
853 4463 903 4512 20⁸2
918 4465 989 4512 rniile
1001 4459 1132 4525 περίοικοι
1146 4461 1229 4520 (Diod.
1244 4462 1286 4511 Xi.
1299 4460 1479 4522 l)·accessisse
1492 4459 1622 4522 ridentur,

396 4566 463 4614 quos
486 4551 530 4599 iiic
554 4550 685 4614 neglexit;
709 4550 800 4611 itaque
824 4548 1022 4611 epigrammatis
1047 4562 1175 4596 numerus
1193 4547 1316 4595 convenit
1333 4545 1376 4607 (cl.
1397 4545 1494 4593 anolt.
1514 4541 1555 4592 11².
1573 4542 1622 4592 uit

396 4651 421 4686 n.
439 4635 455 4684 λ
476 4642 503 4686 et
521 4636 565 4685 Ed.
584 4635 682 4699 Meyer.
702 4635 744 4682 iii.
763 4632 831 4687 380).

429 4719 464 4781 ¹5)
499 4720 635 4778 Quantum
655 4719 741 4781 video,
760 4718 787 4766 in
803 4718 920 4767 virorum
936 4717 1072 4766 doctorum
1090 4717 1206 4780 scriptis,
1225 4731 1293 4780 quae
1308 4715 1443 4778 (sarracini,
1462 4715 1511 4763 irae
1526 4729 1622 4778 qnaes-

396 4807 480 4856 tiones
499 4806 616 4854 nondum
636 4805 735 4870 positae
752 4811 823 4853 sunt.
