3546 5724
390 485 466 560 Cap.
492 487 534 544 Il.
985 485 1022 545 70

390 673 544 732 adornata
571 689 642 730 osse
671 672 811 747 videtur,
843 672 961 746 quippe
989 671 1043 746 qui
1072 674 1222 730 auctora
1244 671 1416 730 Oollcotore
1437 673 1615 746 usurpatus

390 771 417 829 is
439 771 496 846 sit,
520 770 606 845 quali
629 770 721 828 nobis
742 786 824 845 opus
845 786 916 828 esse
931 769 1071 826 diximus
1089 766 1398 846 (1111111111
1416 767 1616 828 Simonideae

393 869 537 944 Sylloges
558 867 890 928 circumscribendam.
923 866 1020 942 Origo
1045 867 1189 942 Sylloges
1213 866 1277 925 iam
1299 884 1385 925 nunc
1406 867 1489 925 inter
1511 867 1615 941 Epho-

391 983 462 1024 rum
500 968 597 1040 atque
629 965 791 1024 Timaeum
826 964 890 1040 (vel
921 965 1102 1024 accuratius
1133 963 1216 1023 inter
1247 964 1369 1038 Ephori
1400 963 1615 1024 narrationem

391 1081 518 1140 pugnae
541 1063 732 1123 Salaminiae
753 1081 790 1122 ac
811 1063 929 1122 Timaei
950 1063 1070 1121 librum
1088 1059 1271 1137 septimum)
1295 1062 1370 1137 poni
1385 1063 1498 1138 potest.
1524 1061 1616 1131 Quod

390 1162 542 1237 temporis
563 1162 702 1238 spatium
723 1161 817 1220 etiam
839 1161 872 1220 in
894 1161 995 1221 artius
1018 1161 1118 1237 redigi
1131 1177 1234 1235 ‘posse
1256 1177 1330 1219 mox
1353 1160 1542 1219 videbimus.

433 1258 452 1335 ,6
491 1259 539 1319 36.
584 1257 865 1336 Epiprammatis
902 1257 968 1318 137
1004 1256 1142 1318 testium
1176 1258 1331 1318 stemma.
1367 1260 1545 1333 Antequam
1577 1257 1617 1316 ad

394 1357 539 1434 Sylloges
568 1356 769 1416 Simonideae
789 1358 923 1416 aetatem
944 1357 1029 1416 intra
1050 1357 1204 1416 terminos
1225 1357 1372 1416 inventos
1396 1355 1617 1433 (Ephorum-

392 1453 569 1531 Timaeum)
592 1455 773 1515 accuratius
794 1455 1009 1514 deliniendam
1030 1455 1234 1531 progrediar,
1259 1472 1446 1530 componam
1461 1456 1617 1530 epigram·

392 1553 485 1612 matis
515 1553 571 1612 137
599 1553 727 1612 testium
756 1555 889 1612 stemma
919 1552 997 1629 (vid.
1028 1571 1100 1628 pag.
1127 1549 1196 1630 71),
1228 1552 1497 1627 quemadmodum
1525 1552 1618 1611 nobis

391 1651 424 1708 in
452 1652 664 1726 paragraphis
685 1650 948 1726 praecedentibus
970 1650 1228 1711 constituendum
1250 1650 1428 1710 videbatur.
1454 1649 1618 1709 Elementa

391 1749 452 1808 tria
488 1752 595 1809 notata
628 1752 704 1808 sunt
732 1749 815 1808 notis
844 1746 1187 1826 n(omen)o(missum)
1216 1781 1256 1792 -
1286 1748 1474 1825 S(imonidis
1503 1765 1618 1807 nomen

392 1846 578 1924 adiectum);
608 1844 754 1922 u(xores)
784 1879 823 1888 —
848 1844 1075 1923 ui(eretrices);
1104 1847 1229 1923 ttabula
1258 1844 1354 1922 picta)
1385 1879 1424 1888 —
1450 1844 1615 1923 s(tatuae).

394 1945 462 2003 Hoc
479 1962 581 2003 unum
600 1945 633 2002 in
652 1945 828 2004 stemmatis
846 1945 948 2019 capite
964 1945 1105 2004 indicare
1122 1962 1186 2003 non
1205 1945 1294 2020 potui
1311 1976 1350 1985 —
1368 1943 1454 2018 quod
1470 1944 1504 2002 in
1520 1944 1618 2002 altera

393 2043 489 2101 huius
511 2043 785 2101 commentationis
807 2046 897 2117 parte
911 2042 1191 2101 demonstraturus
1207 2059 1279 2100 sum
1295 2074 1332 2084 -
1348 2043 1407 2101 hoc
1422 2042 1618 2118 epigramma

394 2157 505 2199 revera
525 2158 544 2199 a
568 2140 731 2200 Simonide
751 2157 822 2198 esse
843 2139 1015 2198 conditum.
1041 2141 1150 2198 Testes
1172 2140 1360 2215 superstites
1378 2139 1616 2213 distractis,

394 2241 539 2297 auctores
561 2239 646 2313 apud
668 2255 722 2297 eos
743 2237 862 2296 laudati
885 2235 1117 2313 currentibus,
1147 2238 1168 2295 ii
1190 2241 1296 2297 autem
1319 2237 1505 2312 scriptoreS,
1537 2253 1619 2311 quos

393 2335 589 2410 epigramma
612 2352 878 2396 commemorasse
898 2335 1106 2410 oonieoimus,
1143 2333 1353 2411 ‘vulgaribus'
1375 2334 1488 2394 litteris
1510 2335 1618 2410 scripti

395 2436 480 2490 sunt.
520 2433 656 2492 Litterae
676 2434 702 2492 A
723 2435 753 2492 et
777 2434 805 2493 S.
822 2432 1005 2494 nominibus
1028 2433 1222 2508 praemissae
1243 2433 1444 2493 traditionem
1465 2432 1616 2492 indicant.

397 2531 442 2588 De
463 2531 592 2590 Lascari
613 2531 652 2591 ci.
677 2549 760 2606 quae
780 2531 846 2589 dixi
869 2529 888 2609 ξ
911 2531 949 2590 25
972 2549 1003 2590 n.
1031 2532 1076 2590 17.

437 2625 527 2705 §32
574 2627 625 2688 Dc
652 2627 808 2706 Syllopes
829 2619 942 2688 catate
963 2625 1161 2688 accuratius
1182 2626 1396 2688 definienda.
1441 2627 1620 2687 Artioribus

395 2726 515 2785 linibus
544 2728 678 2786 aetatem
706 2726 850 2803 Sylloges
880 2727 1156 2802 circumscriptum
1185 2726 1223 2784 iri
1244 2730 1336 2802 puto,
1361 2727 1488 2786 cumin
1509 2743 1618 2786 eorum

394 2825 536 2882 locorum
570 2825 725 2884 rationem
756 2825 945 2900 inquisitum
977 2826 1052 2900 erit,
1090 2842 1172 2900 quos
1201 2825 1377 2884 Kaibelium
1405 2825 1446 2884 ad
1475 2825 1620 2901 Sylloges

394 2923 528 2980 aetatem
556 2922 770 2982 definiendam
798 2923 983 2982 adhibuisse
1011 2923 1150 2981 vidimus
1178 2921 1213 3000 (ᾖ
1237 2921 1306 2999 22)ξ
1327 2923 1504 2982 Aristotelis
1526 2923 1617 2982 Rhet.

395 3021 420 3078 l.
442 3019 470 3078 9.
490 3019 527 3078 31
549 3023 580 3079 et
601 3021 822 3096 Aristophanis
846 3022 991 3098 Byzantii
1007 3022 1047 3081 tr.
1066 3022 1104 3079 22
1123 3022 1159 3080 N.
1180 3021 1266 3096 apud
1285 3021 1432 3080 Eustath.
1453 3021 1547 3096 1761,
1570 3020 1617 3079 16.

396 3117 456 3177 Hic
488 3135 536 3194 ep.
577 3118 634 3178 163
665 3119 847 3179 Simonidea
875 3119 1063 3182 auctoritate
1089 3122 1239 3178 ornatum
1270 3119 1411 3195 exhibet,
1443 3136 1507 3194 qua
1536 3120 1621 3178 caret

395 3216 481 3291 apud
506 3216 610 3291 ilium;
639 3219 695 3292 qui
723 3221 828 3278 tamen
857 3219 931 3278 huic
960 3218 1181 3294 epigrammati
1202 3235 1250 3293 ep.
1277 3217 1332 3276 111
1357 3216 1512 3277 Simonidi
1533 3216 1620 3275 attri-

394 3314 509 3373 butum
537 3314 690 3390 adiungit.
725 3315 818 3384 Quod
850 3316 1021 3374 discrimen
1051 3317 1169 3390 Preger
1199 3312 1285 3391 (144)
1315 3315 1401 3373 hunc
1429 3315 1461 3371 111
1491 3314 1621 3372 modum

395 3412 552 3486 explicare
589 3415 722 3470 conatus
760 3415 824 3487 est,
866 3414 901 3470 ut
932 3413 1177 3487 Aristophanem
1208 3412 1412 3488 neglegenter
1443 3411 1623 3486 inspexisse

396 3510 616 3569 Aristoteleum
643 3510 762 3584 librum
788 3510 1007 3570 arbitraretur.
1043 3511 1254 3570 Reitzenstein
1284 3530 1313 3586 p.
1347 3510 1404 3570 136
1425 3525 1623 3584 quamquam

396 3606 479 3666 bono
501 3625 581 3666 usus
603 3611 792 3684 argumento
815 3609 989 3685 Pregerum
1012 3609 1162 3668 refutavit
1184 3644 1222 3651 -
1244 3609 1449 3684 Aristophani
1467 3607 1624 3684 Byzantio

395 3706 489 3764 talem
521 3707 686 3767 stultitiam
717 3707 868 3781 imputari
900 3725 963 3767 non
997 3725 1091 3782 posse
1123 3741 1177 3782 -,
1212 3710 1318 3766 tamen
1350 3707 1418 3782 ipse
1447 3705 1624 3764 Aristotelis

396 3803 555 3862 silentium
572 3806 653 3864 male
667 3822 844 3880 usurpasse
859 3805 935 3864 mihi
951 3805 1076 3864 videtur
1090 3805 1130 3864 ad
1146 3806 1292 3865 ficticiam
1309 3803 1344 3882 (ξ
1360 3805 1399 3864 38
1414 3823 1445 3864 n.
1460 3801 1512 3880 54)
1529 3821 1624 3864 suam

397 3902 696 3976 Peloponnesiacam
719 3903 865 3979 Sylloges
889 3903 1088 3963 Simonideae
1109 3904 1325 3962 recensionem
1347 3903 1508 3962 tuendam.

437 3999 528 4068 Quod
547 4001 626 4060 alter
641 4002 776 4076 scriptor
790 4019 827 4060 ea
843 4003 959 4076 aetate,
981 4018 1045 4075 qua
1061 4001 1124 4060 iam
1142 4001 1292 4078 Syllogen
1309 4002 1449 4060 extitisse
1465 3999 1621 4075 vidimuS‚

396 4097 592 4172 epigramma
616 4099 789 4159 Simonidis
812 4099 939 4158 nomine
960 4098 1151 4158 instructum
1175 4100 1309 4174 profert,
1335 4100 1422 4173 alter,
1447 4115 1551 4174 aquo
1573 4098 1626 4157 hic

397 4194 534 4269 pendere
562 4195 702 4272 videtur,
737 4214 950 4272 anonymum,
986 4197 1047 4271 sio,
1079 4197 1206 4272 opinor,
1238 4197 1427 4272 explicatur,
1459 4195 1545 4270 quod
1573 4195 1625 4254 ille

397 4293 504 4352 hausit
524 4310 652 4352 carmen
674 4312 713 4353 ex
734 4312 770 4353 eo
791 4294 888 4370 libro,
918 4295 973 4369 qui
995 4295 1077 4353 inter
1098 4298 1272 4369 utrumque
1293 4293 1487 4368 intercessit,
1516 4310 1559 4352 sc.
1584 4309 1625 4351 ex

400 4390 527 4467 Sylloge
544 4391 741 4468 Simonides,
766 4393 798 4451 in
814 4411 912 4468 quam
928 4412 945 4453 a
966 4393 1138 4454 Collectore
1156 4409 1195 4451 ex
1213 4394 1273 4451 hoc
1290 4393 1444 4467 scriptore
1462 4393 1624 4466 receptum

396 4492 453 4547 cst.
479 4490 592 4564 Itaque
606 4491 834 4567 Aristophanes
854 4509 917 4550 non
932 4492 1098 4551 Aristotele
1112 4508 1193 4549 usus
1208 4494 1271 4566 est,
1294 4491 1350 4549 sed
1368 4489 1624 4550 Simonideorum

397 4588 663 4663 epigrammatum
685 4607 864 4665 synagoge,
889 4607 972 4664 quac
993 4589 1102 4648 aderat
1123 4589 1156 4646 in
1181 4588 1374 4647 Bibliotheca
1396 4587 1621 4646 Alexandrina.

398 4687 490 4756 Quod
524 4688 588 4745 iam
623 4692 705 4747 recte
740 4688 890 4746 viderunt
925 4687 1034 4746 Kaibcl
1068 4690 1098 4745 et
1129 4687 1365 4762 quodammodo
1397 4685 1621 4744 Reitzenstein.

397 4786 601 4864 Neglegentia
623 4787 735 4865 igitur,
766 4803 863 4863 quam
885 4785 1089 4861 Aristophani
1112 4786 1229 4864 Preger
1248 4784 1411 4861 ascripsit,
1436 4782 1624 4859 imputanda
