3572 5716
354 496 429 573 cap.
454 498 507 556 11.
936 497 994 556 aaa

354 699 443 758 mus,
475 681 511 742 19
539 683 688 742 66111666
714 683 862 742 61161616
885 683 965 742 trad.
988 701 1149 758 anonyma
1171 684 1196 741 A
1220 683 1417 758 (Empedocli
1440 703 1516 744 vero
1537 685 1579 744 ibi

353 785 444 841 erant
465 783 629 858 assignata
650 800 720 857 epp.
747 783 779 840 in
802 782 897 840 Paus.
917 785 948 840 et
967 780 1070 856 Aer.);
1093 781 1149 856 91,
1176 780 1238 856 92,
1264 782 1318 856 94,
1344 781 1408 858 96,
1433 783 1488 858 97,
1515 782 1577 859 98,

356 876 459 957 [165],
493 876 596 956 [108],
626 878 706 954 134,
738 878 817 955 137,
849 878 931 955 138,
963 877 1046 954 140,
1078 877 1154 953 141,
1184 878 1264 955 142,
1297 879 1370 955 160,
1405 881 1478 955 163,
1505 881 1577 956 169,

354 995 404 1055 ep.
435 975 474 1036 16
505 975 608 1036 Ρ666.
639 981 669 1036 61
701 995 750 1054 ep.
783 974 821 1036 16
852 974 976 1036 Acrone.
1012 977 1290 1052 Epigrammatum
1311 978 1468 1054 duorum,
1500 996 1581 1054 quae

354 1077 446 1136 uncis
467 1077 598 1152 inclusi,
629 1077 757 1135 traditio
777 1076 802 1134 Α
825 1094 884 1151 616
906 1078 996 1151 66116
1016 1077 1141 1134 tanturn
1164 1078 1308 1134 6616661
1331 1076 1385 1150 (61.
1412 1075 1431 1153 6
1457 1077 1531 1152 137,
1563 1077 1581 1137 6

354 1177 384 1234 61
413 1172 459 1249 7);
488 1174 571 1232 16161
600 1174 637 1233 17
666 1174 786 1249 1611666
813 1174 1022 1232 inveniuntur
1051 1191 1116 1232 non
1146 1174 1253 1232 minus
1282 1192 1379 1248 quarn
1402 1173 1577 1250 undecim,

355 1289 492 1346 quorum
521 1274 626 1331 textus
654 1272 686 1330 in
717 1273 797 1331 trad.
830 1271 851 1330 S
880 1272 1039 1346 discrepat
1067 1289 1085 1330 a
1113 1272 1195 1330 trad.
1219 1271 1254 1330 Α.
1293 1271 1373 1331 (1616
1401 1273 1465 1331 1661
1495 1271 1514 1349 6
1543 1273 1580 1332 32

355 1370 530 1428 viderimus
552 1370 732 1446 Timaeum,
762 1369 905 1428 omnium
928 1372 1112 1445 auctorum,
1138 1387 1220 1444 quos
1243 1370 1392 1428 novimus
1414 1371 1582 1429 traditione

358 1467 379 1526 S
399 1485 475 1525 usos
494 1485 580 1542 esse,
602 1468 879 1542 antiquissimum,
900 1468 933 1526 in
954 1467 1082 1542 Sylloge
1096 1468 1166 1542 ipsa
1181 1485 1229 1542 ep.
1247 1467 1303 1526 197
1318 1468 1480 1528 161661666
1494 1471 1581 1527 textu

355 1566 396 1624 ab
425 1563 571 1641 Ephoreo
601 1564 653 1641 (A)
683 1567 865 1641 diversum,
898 1583 1004 1624 nonne
1031 1566 1288 1624 constituendum
1319 1566 1444 1624 videtur
1471 1583 1581 1625 omnes

354 1663 425 1722 illas
453 1664 684 1739 discrepantias
712 1665 794 1723 inter
822 1667 929 1722 textus
957 1663 1162 1723 traditionum
1193 1664 1217 1721 Α
1245 1667 1275 1723 61
1304 1663 1325 1723 S
1352 1664 1453 1723 eidem
1475 1664 1582 1724 deberi

355 1761 470 1837 origini
499 1779 542 1820 sc.
572 1762 752 1837 Collectori,
783 1763 838 1836 qui
860 1779 932 1821 curn
954 1779 1025 1836 epp.
1046 1778 1207 1838 anonyma
1231 1761 1386 1820 Simonidi
1409 1762 1582 1820 vindicaret

356 1859 451 1917 simul
468 1860 501 1917 in
520 1860 693 1919 multorum
711 1843 977 1935 epigrammatum
996 1861 1084 1918 textu
1103 1860 1279 1918 exercuerit
1296 1862 1396 1918 artem
1415 1857 1580 1918 criticam?

356 1958 481 2016 Horum
508 1957 774 2032 epigrammatum
796 1975 948 2016 numeros
970 1974 1069 2032 supra
1091 1957 1296 2016 currentibus
1318 1957 1404 2033 typis
1426 1957 1582 2015 excuden-

356 2056 414 2115 dos
436 2056 548 2114 curavi
558 2053 595 2130 1).

364 2207 369 2222 ,
398 2152 497 2230 6137.
521 2152 755 2230 (2666616666,
775 2171 865 2231 6666
876 2152 1056 2230 praesumi
1071 2153 1193 2214 debent
1209 2150 1579 2214 1661616666111666116.

357 2252 534 2325 Antequam
563 2269 672 2310 eorum
701 2252 984 2328 epigrammatum,
1002 2267 1154 2326 ‘quorum
1175 2251 1303 2310 traditio
1327 2251 1349 2309 S
1371 2252 1459 2309 textu
1481 2268 1499 2309 a
1522 2252 1582 2308 tra·

357 2351 475 2408 ditione
495 2350 521 2408 A
542 2350 716 2426 discrepat,
745 2350 894 2409 lectiones
916 2350 979 2408 huc
1000 2349 1194 2424 pertinentes
1215 2366 1281 2406 uno
1301 2366 1489 2423 componam
1511 2365 1582 2406 con-

358 2450 485 2523 spectu,
527 2448 728 2523 praemittam
765 2447 1013 2522 disputationem
1049 2450 1080 2505 61
1118 2447 1157 2504 de
1187 2446 1226 2504 iis
1257 2446 1511 2521 epigrammatis
1545 2463 1582 2503 ex

357 2563 494 2620 quorum
517 2546 619 2604 161616
637 2544 788 2619 primaria
803 2544 841 2601 ΑΙ
858 2544 920 2602 1616
936 2545 1009 2602 6616
1024 2542 1229 2602 Collectorem
1244 2545 1399 2602 recentior
1413 2543 1462 2618 A²,
1487 2561 1583 2617 quam

357 2643 408 2701 ille
429 2644 593 2718 tractarit,
617 2645 686 2701 orta
708 2645 772 2715 est,
797 2644 827 2700 61
848 2642 963 2716 (16116,
988 2658 1125 2715 quorum
1148 2643 1254 2700 textus
1275 2641 1300 2699 A
1324 2643 1372 2701 vel
1397 2641 1418 2700 S
1437 2641 1505 2700 sive
1520 2659 1582 2700 nou

358 2741 482 2816 integer
503 2741 571 2798 sive
591 2741 718 2799 diverse
738 2739 875 2798 traditus
897 2740 937 2798 ad
959 2756 1018 2797 nos
1040 2740 1195 2813 pervenit.

399 2839 425 2896 1.
471 2839 530 2913 Ep.
565 2838 603 2897 96
636 2838 852 2913 Corinthium,
887 2837 978 2896 cuius
1010 2837 1217 2896 traditionum
1248 2837 1297 2912 A',
1328 2835 1378 2912 Αἵ,
1412 2837 1433 2896 S
1463 2838 1583 2895 textum

357 2936 487 2994 exhibui
521 2935 616 3013 634,
651 2937 713 2996 1616
746 2936 832 3010 apud
865 2936 1045 2996 Corinthios
1077 2936 1175 2994 611616
1203 2935 1338 2994 disticho
1365 2937 1496 2994 auctum
1524 2936 1580 2994 661.

359 3036 473 3093 Forma
501 3035 540 3092 A¹
570 3052 635 3093 uno
663 3035 798 3093 disticho
826 3034 971 3093 absoluta
999 3033 1114 3110 legitur
1140 3031 1473 3110 161661661666166
1496 3034 1584 3093 3461

357 3133 413 3207 41,
439 3131 488 3208 1),
520 3133 622 3191 forma
650 3132 700 3209 Al,
732 3150 814 3206 quae
841 3150 880 3190 ex
908 3131 1091 3190 defensione
1118 3131 1319 3190 Corinthiaca
1341 3148 1398 3206 661
1419 3132 1584 3206 Ephorum

358 3231 390 3288 in
420 3231 627 3290 Plutarchum
655 3230 781 3289 transiit
812 3228 846 3306 (6
869 3228 939 3305 29),
972 3229 1136 3289 6611661611
1162 3229 1248 3304 apud
1270 3229 1436 3304 Ephorum
1459 3232 1584 3304 praesto

358 3331 435 3388 erat.
459 3330 574 3388 Forma
595 3330 647 3387 illa
669 3328 708 3386 A²
730 3329 799 3403 ipsa
821 3329 907 3404 apud
930 3329 1012 3386 Plut.
1034 3327 1119 3386 vitiis
1141 3328 1308 3402 inquinata
1329 3330 1377 3385 661
1398 3328 1499 3387 hisce:
1528 3345 1584 3403 pro

359 3424 520 3504 ἀνάματος
549 3444 625 3486 1666
653 3427 742 3484 6111111
771 3427 834 3486 1616
862 3427 1055 3486 Valckenaer
1077 3423 1128 3502 ἅμ’
1153 3421 1287 3490 Αἴαντος
1309 3426 1458 3498 66116116
1489 3443 1584 3500 quarn

359 3526 584 3585 correctionem
606 3543 677 3584 curn
699 3524 780 3600 lapis
802 3525 986 3599 confirmat,
1011 3523 1043 3580 in
1066 3540 1130 3596 666
1145 3525 1218 3581 6616
1234 3543 1301 3589 -τος
1316 3523 1449 3599 vestigia
1464 3524 1586 3583 litterae

359 3645 375 3683 ν
397 3623 694 3699 deprehenduntur,
719 3626 787 3681 tum
808 3623 936 3681 traditio
960 3622 999 3697 S,
1024 3620 1057 3678 in
1080 3639 1143 3694 666
1166 3621 1320 3680 Collector
1343 3622 1456 3682 Dorico
1470 3639 1585 3697 prono-

359 3722 444 3780 mine
469 3719 530 3799 ἁμὲ
552 3740 615 3780 666
637 3722 793 3780 1616116616
815 3721 900 3779 dedit
921 3719 1002 3798 μετ’
1024 3716 1159 3785 Αἴαντος
1181 3717 1216 3796 (6
1241 3718 1328 3795 139);
1358 3736 1417 3794 616
1438 3717 1585 3797 ῥῠόμεθο

358 3819 477 3879 Jacobs
505 3820 632 3895 scripsit
660 3821 815 3879 aoristum
843 3816 1029 3896 ῥυσάμεθα,
1060 3836 1155 3893 quem
1185 3835 1256 3876 cum
1286 3818 1442 3877 sententia
1464 3819 1585 3893 flagitat

359 3920 427 3976 tum
459 3919 500 3976 ab
531 3921 661 3977 auctore
691 3918 897 3977 additamenti
926 3917 1059 3992 petitum
1087 3934 1158 3974 esse
1186 3933 1225 3974 ex
1253 3916 1385 3990 gemello
1414 3933 1463 3991 ep.
1489 3917 1544 3992 97,
1568 3915 1585 3973 2

356 4011 489 4074 Ἐλλάδα
519 4060 526 4073 .
552 4060 559 4073 .
586 4060 592 4074 .
619 4060 625 4074 .
655 4013 827 4092 ῥυσάμενοι
855 4018 951 4088 61666
978 4015 1100 4073 1611666
1129 4014 1150 4073 S
1180 4010 1380 4090 ἱδρυσάμεθα
1409 4014 1585 4074 subiectum

360 4129 430 4173 esse
451 4113 655 4171 manifestum
677 4116 725 4172 661
748 4111 800 4188 (cl.
825 4111 843 4189 6
867 4111 930 4188 34).

400 4210 428 4269 2.
475 4210 679 4270 Collectorem
706 4214 807 4270 artem
829 4211 969 4269 criticam
991 4228 1055 4268 non
1077 4210 1258 4269 exercuisse
1278 4210 1311 4268 in
1333 4227 1381 4284 ep.
1405 4210 1461 4268 142
1484 4211 1585 4285 Eury·

361 4309 511 4367 medontii
532 4309 635 4367 forma
656 4308 695 4366 Α1
720 4309 874 4366 Diodorea
898 4306 1093 4384 (Ephorea),
1125 4309 1234 4366 sedin
1255 4308 1359 4367 forma
1383 4308 1508 4383 vulgari
1530 4305 1583 4382 A²,

361 4425 443 4482 quae
470 4407 591 4466 formae
616 4403 657 4465 ΑΒ
682 4407 857 4466 Aristideae
878 4410 908 4465 et
929 4407 1149 4483 epigrammati
1171 4406 1228 4465 844
1252 4406 1341 4465 Κ611).
1363 4424 1493 4482 666666
1514 4406 1585 4465 sub-

394 4647 416 4710 l)
451 4649 647 4712 Epigrammata
670 4647 719 4698 169
740 4647 903 4698 6111131166
922 4665 972 4698 non
991 4648 1096 4709 rettuli,
1119 4649 1245 4711 quoniam
1265 4663 1357 4697 eorum
1375 4649 1547 4697 traditionum
1566 4648 1584 4696 ll

361 4739 388 4782 ct
414 4733 431 4782 S
458 4733 609 4782 discrimina
633 4733 745 4782 librariis
769 4733 908 4782 debentur.
935 4734 978 4796 h'p.
1004 4732 1052 4781 169
1075 4734 1102 4781 111
1127 4732 1176 4780 111).
1202 4733 1244 4781 lll.
1269 4731 1318 4782 700
1343 4733 1423 4782 habet
1445 4728 1586 4796 ἀρίγνωτος

360 4818 418 4881 (616
435 4814 622 4881 Πολύγνωτος)
640 4823 665 4867 61
684 4813 758 4881 ἡλίου
777 4817 834 4880 (616
849 4813 946 4878 Ἰλίου).
971 4819 1007 4865 Dc
1025 4833 1065 4880 ep.
1083 4815 1132 4865 163
1150 4817 1181 4865 61.
1201 4815 1287 4877 6116.
