3516 5712
383 445 459 520 Cap.
485 445 550 516 ΙΙΙ,
576 443 603 503 6.
974 441 1013 501 88

291 685 294 690 Α
385 629 438 708 (ol.
458 628 556 708 529),
582 633 785 706 argumenta,
807 629 925 704 quibus
941 629 1091 704 Ephorus
1105 629 1326 687 demonstrare
1341 629 1523 703 studuerat,
1545 646 1608 703 qua

382 731 422 789 de
443 747 540 790 causa
562 730 602 789 ab
624 729 786 792 Herodoto
808 727 868 788 sibi
891 727 1101 787 recedendum
1123 729 1259 803 putaret.
1292 727 1413 796 Quodsi
1435 727 1506 786 iure
1523 729 1607 802 apud

383 828 591 887 Plutarchum
629 827 825 903 epigramma
864 826 904 886 ad
951 826 1115 900 Ephorum
1156 842 1320 884 recurrere
1363 825 1605 899 constituimur,

383 927 549 1001 Ephoreae
586 926 779 986 narrationis
817 926 1018 1001 excerptum,
1060 920 1098 982 ι’νι
1137 939 1207 1000 quo
1244 920 1360 1000 ipsum
1391 921 1610 1000 ορίρνονιιυια
1706 926 1709 934 ’

383 1022 508 1102 respici
528 1021 680 1098 videtur,
705 1022 942 1098 deprehendere
963 1038 1137 1096 possumus
1158 1021 1192 1078 in
1214 1021 1419 1080 annotatione
1439 1021 1605 1096 historica,

384 1139 483 1200 quam
513 1122 630 1182 Strabo
659 1122 713 1180 IX.
738 1121 767 1180 2.
791 1120 828 1179 31
858 1137 888 1194 p.
913 1119 972 1178 412
1000 1119 1228 1194 grammaticae
1257 1119 1386 1178 notitiae
1413 1119 1452 1177 de
1473 1119 1609 1178 Plataeis

383 1239 422 1279 ex
444 1219 624 1295 Apollodori
646 1218 880 1279 Commentario
896 1217 929 1275 in
949 1217 1137 1292 Oatalogum
1157 1216 1363 1276 Homericum
1378 1215 1430 1294 (ci.
1447 1216 1609 1276 Schwartz

384 1319 458 1377 PW.
478 1351 515 1360 —-
530 1319 596 1377 RE.
626 1319 651 1377 I.
676 1315 823 1392 2867,53)
853 1316 968 1391 petitae
995 1316 1144 1374 inseruit:
1184 1313 1321 1375 ἐνταῦθα
1348 1311 1538 1392 Μαρδόνιον
1559 1313 1610 1374 καί

384 1413 438 1482 τὰς
465 1413 629 1492 τριάκοντα
659 1411 818 1492 μυριάδας
848 1409 984 1490 Περσῶν
1013 1411 1045 1472 αἱ
1072 1415 1136 1472 τῶν
1158 1409 1318 1491 Ἑλλήνων
1339 1409 1488 1489 δυνάμεις
1509 1409 1610 1489 ἄρδην

384 1510 542 1591 ἠφάνισαν
570 1509 790 1589 ἱδρύσαντο
818 1532 848 1570 τε
872 1507 1133 1587 Ἐλευθερίου
1161 1505 1256 1576 Διὸς
1284 1505 1397 1586 ἱερὸν
1420 1506 1501 1582 κτλ.;
1530 1527 1611 1584 quae

386 1610 483 1669 verba
504 1613 647 1686 spectant
666 1610 813 1668 ultimum
828 1608 1066 1684 epigrammatis
1082 1624 1212 1666 versum
1228 1603 1394 1683 ἱδρύσαντο
1409 1602 1483 1673 Διὸς
1497 1604 1611 1683 βωμὸν

381 1704 591 1784 Ἐλευθερίου.
625 1709 669 1766 De
696 1708 827 1782 Ephoro
854 1707 943 1765 iuxta
971 1706 1197 1781 Apollodorum
1229 1705 1397 1764 Strabonis
1424 1705 1512 1764 fonte
1540 1723 1611 1764 cum

385 1805 454 1864 aliis
482 1806 558 1865 locis
586 1808 655 1864 tum
682 1805 715 1863 111
742 1805 802 1864 11ου
829 1805 868 1862 de
897 1804 1026 1862 Boeotia
1055 1803 1156 1878 capite
1179 1796 1300 1880 (ΙΧ.’2.
1325 1804 1343 1862 2
1365 1822 1395 1878 p.
1420 1803 1479 1862 400
1501 1821 1549 1878 sq.
1574 1829 1612 1852 =

385 1904 424 1962 ir.
449 1903 503 1978 67,
529 1903 625 1963 PHG.
650 1903 676 1961 I.
701 1903 774 1976 2543
798 1902 852 1960 IX.
877 1902 905 1960 2.
930 1902 948 1960 4
971 1919 1001 1976 p.
1026 1901 1082 1961 401
1107 1919 1155 1976 sq.
1180 1925 1219 1950 =
1239 1901 1279 1961 fr.
1298 1901 1353 1976 30,
1378 1900 1475 1961 EHG.
1494 1901 1520 1961 I.
1539 1899 1609 1977 241)

386 2001 424 2060 cf.
449 2002 542 2060 Niese
563 2003 622 2060 Rh.
648 2002 730 2059 Mus.
756 2000 804 2059 32.
831 2000 918 2060 1877.
943 1999 1001 2058 283
1023 2017 1071 2074 sq.

425 2099 583 2168 Quoniam
606 2099 771 2173 Ephorum
793 2097 1031 2174 epigrammatis
1053 2097 1254 2157 traditionem
1272 2098 1297 2156 A
1316 2097 1500 2156 exhibuisse
1517 2115 1612 2172 appa·

386 2198 459 2272 ruit,
478 2198 602 2256 nullum
617 2199 720 2271 potest
734 2213 805 2254 esse
818 2195 963 2270 dubium,
982 2196 1062 2272 quin
1076 2195 1104 2253 is
1116 2212 1246 2272 quoque
1257 2195 1392 2270 scriptor
1403 2195 1509 2270 fuerit,
1528 2195 1613 2270 apud

386 2313 481 2369 quern
510 2294 667 2352 invenerit
697 2294 850 2353 Collector
871 2293 1110 2369 epigrammatis
1131 2293 1332 2351 traditionem
1354 2293 1380 2350 A
1401 2310 1609 2369 anonymam,

386 2410 483 2466 quam
505 2394 659 2450 mutatam
681 2391 880 2450 transtulerit
900 2391 933 2449 111
958 2390 1108 2466 Syllogen
1129 2389 1355 2449 Simonideam.
1380 2391 1501 2450 Eadem
1516 2391 1613 2467 igitur

387 2490 484 2547 huius
502 2489 740 2566 epigrammatis
758 2492 805 2548 est
824 2489 904 2546 ratio
922 2491 1017 2563 atque
1036 2489 1311 2548 Corinthiacorum
1330 2488 1609 2564 epigrammatum,

387 2605 469 2662 quae
483 2605 522 2646 ex
537 2589 667 2662 Ephoro
682 2605 754 2646 oum
769 2588 802 2645 in
816 2587 1022 2646 Plutarchum
1035 2587 1169 2670 fluxisse
1179 2589 1249 2645 tum
1260 2586 1425 2646 Oolleotori
1435 2587 1613 2645 innotuisse

387 2686 527 2744 vidimus
557 2683 616 2762 (ἐξ
646 2685 701 2760 29,
731 2685 769 2745 35
796 2683 872 2760 sq.).
905 2686 1003 2761 Origo
1030 2702 1070 2743 ex
1092 2685 1253 2744 communi
1274 2685 1361 2744 fonte
1382 2685 1535 2761 explicat,
1560 2685 1613 2760 qui

386 2801 460 2843 cum
493 2784 579 2859 apud
613 2784 695 2842 Plut.
734 2786 802 2842 tum
831 2784 864 2842 in
891 2783 954 2842 ΑΡ.
984 2802 1033 2858 ep.
1065 2785 1212 2842 nostrum
1240 2783 1373 2861 eandem
1401 2783 1613 2858 corruptelam

389 2879 571 2959 (ἐλεύθερον
592 2899 651 2957 pro
672 2879 838 2958 ἐλευθέρᾳ)
861 2881 991 2956 aluerit,
1015 2881 1055 2940 de
1076 2899 1139 2956 qua
1161 2884 1324 2955 praeterea
1346 2879 1409 2939 vid.
1437 2878 1456 2957 ξ
1481 2880 1581 2958 137,3.

426 2980 569 3039 Alterum
589 2997 638 3055 ep.
659 2979 763 3039 libello
784 2979 814 3038 d.
833 2980 910 3038 Her.
928 2997 970 3038 m.
991 2977 1056 3054 (34)
1077 2996 1149 3038 oum
1164 2979 1243 3038 Vitis
1261 2977 1383 3055 (Them.
1398 2978 1430 3055 8)
1447 2997 1614 3040 commune

387 3079 435 3136 est
456 3095 504 3152 ep.
528 3077 584 3138 135
591 3095 598 3150 ;
628 3079 713 3152 quod
736 3078 786 3136 his
807 3077 885 3136 locis
906 3077 1045 3153 exceptis
1067 3095 1228 3152 nusquam
1250 3077 1381 3136 obvium
1403 3096 1421 3137 a
1446 3077 1614 3138 Schneide-

387 3176 469 3234 wino
500 3176 583 3234 inter
616 3175 798 3234 Simonidea
830 3176 990 3250 prolatum
1018 3178 1076 3234 est.
1111 3176 1150 3233 In
1178 3175 1298 3234 iontem
1326 3176 1424 3252 igitur
1453 3177 1615 3236 Plutarchi

388 3275 533 3334 consulto
550 3274 712 3348 inquirere
730 3291 794 3333 non
812 3291 942 3334 necesse
956 3276 1013 3333 est.
1040 3275 1108 3334 Hoc
1123 3276 1229 3332 autern
1243 3292 1291 3348 ep.
1309 3274 1416 3333 itidem
1431 3291 1470 3333 ex
1486 3275 1616 3350 Ephoro

388 3373 600 3448 propagatum
631 3388 702 3430 esse
732 3372 894 3447 existimo,
935 3374 1072 3447 utroque
1101 3372 1186 3431 enim
1217 3372 1285 3432 loco
1317 3390 1418 3447 parvo
1448 3372 1616 3432 intervallo

388 3471 583 3529 disiunctum
611 3470 727 3546 legitur
755 3488 773 3528 a
802 3470 933 3529 Pindari
960 3470 999 3528 ir.
1027 3468 1140 3547 77411.
1167 3468 1186 3547 ἓ
1209 3470 1300 3529 2911.
1325 3469 1389 3546 28).
1425 3471 1507 3528 Tum
1529 3471 1616 3530 haud

388 3568 596 3643 improbabile
617 3568 743 3626 videtur
764 3585 826 3643 ep.,
851 3569 937 3643 quod
959 3570 1115 3643 spectaret
1136 3585 1278 3644 pugnam
1300 3569 1476 3644 Artemisii,
1506 3586 1524 3627 a
1548 3570 1615 3630 Col·

387 3666 503 3725 lectore
530 3667 562 3725 in
592 3666 806 3726 Simonideam
831 3666 981 3742 Syllogen
1004 3669 1164 3744 receptum
1186 3667 1287 3726 fuisse
1310 3665 1363 3743 (of.
1390 3665 1409 3743 ξ
1434 3667 1490 3726 133
1513 3666 1612 3743 sqq).

388 3766 555 3824 Auctorem
585 3764 759 3824 subiecisse
786 3765 860 3825 huic
887 3765 1108 3840 epigrammati
1137 3782 1185 3840 ep.
1212 3765 1268 3824 132
1289 3765 1563 3824 demonstrabitur
1583 3766 1615 3824 in

389 3863 487 3922 altera
508 3864 539 3922 h.
565 3881 590 3922 o.
615 3865 714 3937 parte.

431 3959 521 4038 551.
567 3959 618 4020 De
639 3957 757 4020 ceteris
778 3977 852 4036 epp.
878 3957 916 4019 ιἰι
938 3958 1062 4019 Moral.
1089 3958 1208 4020 obviis.
1242 3961 1281 4018 In
1300 3961 1354 4020 lib.
1373 3960 1509 4021 συεινιί
1524 3962 1615 4022 78511

388 4059 538 4118 laudatur
558 4058 797 4134 epigrammatis
819 4058 876 4116 147
893 4057 939 4134 (in
955 4058 1059 4116 tribus
1074 4058 1269 4117 Antiochidis
1286 4059 1450 4118 victoriam
1466 4060 1614 4136 cyclicam

392 4156 554 4216 Simonide
574 4157 707 4216 chorum
729 4154 874 4231 docente)
897 4156 1054 4216 distichon
1076 4157 1219 4216 tertium:
1242 4153 1462 4235 Σιμωνίδης
1483 4156 1515 4217 ἒν
1534 4157 1615 4238 γήρᾳ

389 4257 496 4334 χοροῖς
511 4252 610 4324 ἐνίκα,
626 4252 672 4323 ὡς
686 4251 909 4332 τούπίγραμμα
925 4251 1018 4333 δηλοῖ
1025 4257 1087 4321 τοῖς
1098 4251 1278 4321 τελευταίοις
1289 4253 1393 4314 ἔπεσιν
1404 4253 1497 4334 ίἀμφὶ
1512 4253 1614 4316 διδασ-

389 4350 480 4431 καλίῃ
504 4397 510 4408 .
531 4397 537 4412 .
558 4398 564 4412 .
586 4399 592 4412 .
617 4350 704 4413 κτλ.’.
729 4354 839 4428 Neque
860 4353 920 4412 hoe
934 4353 1130 4429 epigramma
1145 4353 1338 4412 Plutarchus
1356 4386 1395 4395 —
1412 4355 1499 4429 quod
1514 4357 1614 4414 totum

389 4468 462 4510 eum
484 4452 673 4526 cognovisse
694 4453 815 4509 certum
838 4451 964 4510 videtur
985 4469 1084 4510 -ex
1108 4450 1236 4526 Sylloge
1257 4452 1306 4510 vel
1327 4468 1366 4509 ex
1384 4452 1453 4511 eius
1469 4456 1615 4529 excerpto

390 4535 596 4608 arcessivisse
610 4549 774 4624 putandus
789 4551 846 4608 est.
867 4549 1062 4608 Simonidem
1077 4549 1315 4624 epigrammatis
1327 4553 1489 4609 auctorem
1500 4553 1615 4612 diserte

390 4664 454 4704 non
476 4647 610 4723 indicat,
635 4666 831 4722 quamquam
853 4666 925 4707 euru
950 4649 1145 4708 Simonidem
1168 4648 1318 4707 carminis
1333 4651 1458 4724 poetam
1477 4650 1615 4726 intellegi

390 4743 531 4802 voluisse
557 4745 691 4805 libenter
718 4747 914 4806 crediderim.
950 4747 1037 4806 Haeo
1058 4749 1164 4806 autem
1186 4764 1237 4806 res
1259 4747 1299 4806 ad
1321 4748 1441 4807 fontem
1462 4747 1614 4825 indagan-
1636 4787 1640 4796 .
