3572 5716
344 517 420 603 Cap.
444 515 512 605 111,
538 517 586 588 32.
925 519 984 588 206

344 715 409 774 Hill
429 713 477 774 56.
505 713 688 774 Secundum
706 716 914 792 apographon
933 716 1098 791 antiquius
1115 732 1244 776 carmen
1262 714 1378 795 legitur
1394 713 1567 780 0104161

345 812 444 889 (111165
472 813 562 872 Kaib.
592 814 666 890 768,
698 814 819 872 Hoffm.
849 812 937 890 330),
968 815 1023 873 ubi
1052 816 1146 875 aetati
1172 816 1343 875 Alexandri
1370 819 1563 894 assignatur.

343 911 536 985 Exordium,
560 911 592 968 iu
614 927 679 983 quo
699 911 832 970 imitatio
854 913 1010 988 cernitur,
1033 913 1097 972 iam
1118 913 1248 972 exhibui
1272 912 1291 991 ξ
1315 914 1362 973 60.

382 1008 432 1068 20.
477 1008 629 1067 Eiusdem
656 1009 894 1083 epigrammatis
918 1007 1052 1086 (formae
1074 1028 1149 1070 vero
1170 1009 1222 1087 A²)
1245 1011 1377 1071 imitatio
1398 1013 1514 1089 legitur
1534 1015 1565 1072 in

341 1107 438 1166 inser.
470 1106 550 1166 clo.
582 1106 621 1164 85
654 1105 747 1182 (clu.
779 1107 822 1164 ΙΙ.
853 1108 929 1182 555,
965 1108 1055 1167 Kaib.
1084 1109 1160 1184 844,
1196 1109 1317 1168 Hoffm.
1346 1108 1436 1186 352),
1471 1128 1564 1185 quam

344 1203 364 1280 ,6
387 1203 425 1263 60
446 1204 609 1279 descripsi.
648 1205 827 1263 Praemissa
849 1208 898 1263 est
918 1205 1060 1281 decreto,
1092 1224 1156 1281 quo
1177 1207 1329 1266 archonte
1351 1208 1565 1268 Charisandro

344 1301 387 1376 (a.
421 1300 526 1378 37615)
565 1302 708 1377 Pyrrhae
745 1301 809 1378 (vel
845 1302 983 1380 Pyrrho)
1020 1304 1147 1363 cuidam
1183 1305 1224 1364 ob
1260 1306 1371 1364 merita
1407 1306 1447 1364 de
1482 1307 1564 1366 tribu

343 1400 514 1474 Cecropide
535 1416 651 1458 corona
672 1417 770 1458 aurea
791 1403 839 1458 est
861 1401 1023 1460 attributa.

383 1498 450 1556 Keil
473 1496 596 1573 (Herm.
617 1496 666 1555 20.
693 1497 769 1556 1885
791 1516 821 1572 p.
843 1496 915 1574 347)
938 1499 1113 1558 arbitratus
1135 1502 1268 1558 estnon
1290 1518 1339 1575 ep.
1362 1501 1419 1559 142
1441 1501 1566 1575 utrique

341 1595 540 1670 inscriptioni
569 1593 626 1671 (2a
650 1597 681 1653 et
706 1593 761 1671 20)
784 1595 962 1655 subiectum
984 1614 1070 1671 esse,
1102 1599 1158 1656 sed
1179 1615 1252 1657 cum
1276 1599 1495 1658 Simonideum
1515 1617 1562 1674 ep.

341 1696 410 1752 tum
437 1698 608 1767 utramque
635 1693 874 1767 inscriptionem
901 1697 1004 1753 ortam
1032 1711 1103 1753 esse
1123 1713 1162 1753 ex
1183 1695 1358 1755 imitatione
1378 1697 1485 1770 quarti
1505 1697 1565 1770 epi-

342 1791 528 1868 grammatis
557 1808 643 1848 nunc
670 1790 841 1865 deperditi,
872 1792 959 1865 quod
984 1792 1078 1851 etiam
1100 1793 1280 1867 respexisse
1300 1795 1425 1869 putavit
1446 1794 1565 1853 Isocra·

342 1893 405 1949 tem
430 1890 547 1964 Paneg.
574 1889 647 1964 179,
677 1906 772 1963 quem
795 1889 834 1948 ad
857 1890 1095 1964 epigrammatis
1118 1891 1219 1950 nostri
1240 1891 1407 1950 exordium
1429 1891 1566 1950 alludere

342 1988 524 2062 ceteroquin
544 1988 615 2045 iure
635 1987 827 2046 observavit.
853 1988 940 2046 Haec
960 1988 1067 2063 opinio
1088 1989 1138 2046 vel
1159 1988 1404 2063 inscriptionum
1422 1991 1511 2047 textu
1529 2021 1566 2029 —

342 2090 377 2146 ut
397 2088 437 2146 de
457 2087 569 2145 ceteris
590 2087 696 2145 causis
718 2104 804 2144 nunc
825 2089 945 2146 taceam
970 2084 1023 2163 (ci.
1045 2105 1075 2161 p.
1094 2084 1164 2162 alt.)
1188 2119 1227 2128 —
1248 2088 1417 2146 refutatur.
1442 2088 1565 2146 Etenim

340 2187 424 2244 idem
446 2203 524 2244 sane
543 2185 739 2260 epigramma
762 2185 860 2243 secuti
882 2187 959 2242 sunt
979 2184 1224 2259 inscriptionum
1245 2188 1391 2244 auctores
1413 2203 1471 2244 nec
1493 2202 1565 2243 vero

341 2284 474 2343 eandem
505 2283 574 2341 eius
605 2283 816 2341 traditionem.
852 2283 909 2340 Ille
941 2279 990 2358 (0)
1007 2282 1097 2358 Ι15511
1128 2283 1160 2340 in
1192 2283 1327 2357 exempli
1360 2283 1419 2342 sui
1438 2283 1565 2341 exordio

341 2381 375 2451 ἒξ
400 2377 439 2442 οὗ
466 2428 472 2439 .
496 2428 501 2439 .
525 2428 530 2439 .
554 2427 560 2439 .
587 2379 681 2440 οὐδέν
702 2402 755 2440 πω
777 2383 965 2441 τοιοῦτον
985 2378 1064 2456 κτλ,
1094 2381 1145 2440 1110
1168 2379 1215 2458 (b)
1239 2384 1459 2456 proverbiator
1481 2398 1565 2440 oom-

340 2476 542 2556 paraticam
560 2477 697 2552 aliquem
715 2479 846 2536 invenit.
871 2479 991 2537 Eadem
1009 2481 1115 2538 autem
1131 2479 1338 2538 traditionum
1354 2478 1564 2554 discrepantia

340 2577 431 2636 56551
458 2576 490 2634 in
519 2592 567 2650 ep.
599 2575 655 2633 142
683 2575 770 2650 ipsc,
802 2576 893 2634 ouius
921 2576 1049 2635 traditio
1076 2576 1116 2634 A¹
1146 2576 1240 2635 habet
1262 2579 1402 2636 τοιοῦτον
1424 2576 1507 2653 (var.
1532 2577 1562 2650 7,

343 2674 362 2752 5
392 2672 459 2750 60),
490 2671 529 2731 A²
557 2669 693 2731 κάλλιον.
725 2671 795 2740 Qua
821 2690 931 2748 exre,
961 2673 1089 2749 opinor,
1121 2674 1285 2748 probabile
1305 2677 1354 2732 est
1375 2675 1566 2750 respondere

340 2771 577 2846 inscriptionem
607 2787 630 2828 0
657 2771 896 2846 epigrammatis
926 2771 982 2830 142
1010 2771 1172 2830 traditioni
1198 2773 1255 2849 Α),
1286 2771 1565 2847 inscriptionemb

340 2869 501 2929 traditioni
536 2866 585 2927 Αἱ
628 2869 674 2927 Ne
708 2869 781 2944 quis
816 2869 1056 2928 similitudinem
1090 2870 1298 2929 traditionum
1328 2871 1565 2947 epigrammatis

339 2967 601 3042 inscriptionibus
629 2965 762 3024 subiecti
789 2967 1062 3041 traditionumque
1086 2967 1125 3024 ΑΙ
1152 2971 1248 3042 atque
1269 2967 1307 3026 A²
1328 2969 1565 3044 epigrammatis

341 3066 398 3125 142
425 3064 513 3125 casui
538 3065 674 3140 tribuat,
703 3082 817 3123 moneo
838 3065 908 3123 illas
929 3065 1116 3124 traditiones
1137 3064 1176 3123 Α1
1199 3068 1295 3140 atque
1315 3064 1354 3124 A²
1376 3084 1441 3124 non
1464 3067 1564 3124 solum

339 3165 485 3223 diversas
516 3179 587 3220 esse
617 3160 750 3222 exordii
779 3163 968 3222 lectionibus
1001 3160 1054 3239 (cf.
1086 3161 1105 3240 ᾗ
1135 3163 1190 3239 60,
1225 3182 1293 3223 var.
1322 3164 1341 3223 3
1369 3168 1399 3222 51
1429 3162 1477 3240 7),
1511 3163 1564 3222 556

339 3264 433 3322 etiam
464 3261 596 3319 lectione
623 3256 762 3339 Μήδους
789 3261 828 3319 ΑΙ
857 3294 896 3302 —
924 3256 1054 3339 Μήδων
1081 3259 1120 3319 A²
1147 3261 1179 3319 in
1208 3262 1312 3320 medio
1339 3263 1565 3338 epigrammate

341 3360 438 3437 (0515.
464 3360 498 3434 5,
527 3375 595 3416 151.
621 3356 684 3434 10).

380 3459 429 3515 Ex
445 3456 671 3515 traditionibus
688 3455 825 3514 diversis
844 3455 994 3515 subiectis
1012 3456 1106 3515 etiam
1123 3460 1256 3532 apparet
1271 3459 1417 3516 auctores
1433 3456 1564 3531 inscrip-

339 3557 461 3615 tionum
493 3553 678 3614 adhibuisse
708 3553 812 3612 lontes
844 3554 999 3612 diversos.
1034 3554 1235 3613 Atheniensis
1267 3557 1359 3630 poeta
1387 3572 1469 3613 usus
1496 3572 1565 3614 esse

339 3653 466 3712 videtur
483 3652 662 3718 ¹traditione
689 3650 852 3726 populari,
884 3651 1036 3710 litteraria
1058 3653 1181 3726 autem,
1212 3651 1322 3710 eadem
1343 3652 1497 3728 10115555,
1526 3668 1565 3709 ex

339 3768 403 3825 qua
424 3751 531 3810 hausit
552 3749 748 3825 epigramma
770 3748 921 3823 Ephorus
944 3748 1049 3825 (Diod.
1071 3749 1125 3807 XI.
1147 3747 1215 3824 62),
1240 3752 1333 3824 poeta
1354 3750 1482 3825 Lycius.

379 3848 407 3907 3.
452 3848 531 3907 cla,
560 3848 603 3905 ΙΙ.
634 3846 710 3906 3111
743 3845 868 3922 (Κ51051
894 3847 947 3920 47,
980 3845 1157 3904 Hoffmann
1184 3843 1236 3921 87)
1265 3847 1381 3922 legitur
1402 3847 1564 3922 inscriptio

342 3945 484 4004 ‘tabellae
504 3945 674 4004 marmoris
697 3944 845 4002 Pentelici
867 3961 940 4002 cum
962 3946 1117 4002 aetcmate
1138 3946 1168 4002 et
1189 3944 1343 4018 relliquiis
1365 3943 1560 4021 anaglyphi',

338 4044 484 4102 exeuntis
505 4043 612 4117 quarti
634 4042 766 4102 saeculi:

539 4136 738 4217 (Ἐ)νδάδ(ε)
762 4143 801 4218 γῆ
822 4137 943 4217 κατέχει
964 4136 1070 4217 τίτθην
1090 4136 1217 4199 παίδων
1237 4136 1395 4218 Διογείτου

578 4235 620 4297 ε’νι
651 4234 968 4316 Πελοποννήσου
997 4234 1089 4315 τήνδε
1110 4233 1315 4315 δικαιοτάτην.

798 4331 928 4413 Μαλίχο
949 4331 1109 4412 Κυδηρία.

338 4435 440 4493 Verba
467 4432 502 4492 ἐκ
526 4429 774 4511 Πελοποννήσου
795 4432 1035 4508 epigrammatis
1057 4436 1168 4492 auctor
1189 4435 1375 4493 recordatus
1397 4451 1468 4493 5555
1488 4433 1563 4493 mibi

339 4531 464 4590 videtur
492 4549 531 4590 ex
559 4530 725 4590 notissimo
753 4532 982 4606 epigrammate
1008 4532 1270 4607 Thermopylensi
1292 4533 1348 4608 91,
1379 4533 1434 4592 ubi
1456 4533 1563 4592 eadem

338 4629 489 4688 carminis
511 4629 585 4688 sede
606 4630 772 4706 leguntur:

536 4724 684 4804 μυριάσιν
704 4726 778 4787 ποτὲ
799 4725 873 4806 τῇδε
893 4725 1083 4806 τριηκοσίαις
1104 4726 1260 4806 ἐμάχοντο

578 4823 620 4885 ἐκ
648 4822 969 4905 Πελοποννήσου
997 4823 1132 4905 χιλιάδες
1152 4825 1281 4904 τέτορες.
1343 4839 1346 4846 ’
