3516 5712
354 464 429 540 cap.
455 463 523 540 111,
549 465 596 524 α.
939 469 995 528 122

353 649 425 726 <nai
445 650 553 728 ἅλλο·>

394 747 468 826 (ΑΡ.
491 752 525 809 V.
552 748 602 825 79)
625 748 727 829 μῆλον
748 750 824 830 ἐγώ·
847 751 901 812 κτλ
904 798 1264 813 ................
1289 754 1321 815 λι.

353 846 373 925 5
389 849 437 908 33.
455 847 531 927 φοοδ
547 848 581 910 δὲ
594 848 648 910 καὶ
662 847 696 909 τὸ
711 849 753 916 εἷς
767 847 1020 928 τοδςἘρετριέας
1033 847 1105 917 τοὺς
1120 849 1370 930 σαγηνευθέντας
1381 851 1478 912 αὐτοῦ
1490 849 1578 914 εἶναι·

393 945 468 1023 (ΑΡ.
491 949 561 1007 VII.
585 947 658 1024 259)
682 945 822 1026 Εὐβοίης
843 947 933 1028 γένος
953 947 1007 1010 κτλ
1010 993 1262 1009 ...........
1298 947 1320 1009 i.
1544 947 1547 954 ’

351 1061 491 1104 κακεινο·

392 1140 468 1218 (ΑΡ.
493 1144 547 1203 ΙΧ.
572 1142 624 1221 39)
648 1143 667 1203 ἁ
690 1142 814 1222 Κύπρις
835 1144 888 1205 κτλ
891 1189 1265 1205 .................
1290 1145 1321 1206 Ic.

351 1239 405 1301 καὶ
425 1239 513 1302 ἄλλο·

393 1337 468 1416 (ΑΡ.
494 1342 547 1401 ΙΧ.
572 1340 625 1417 44)
648 1338 767 1420 χρυσὸν
789 1339 869 1419 ἀνὴρ
890 1339 944 1402 κτλ
947 1386 1262 1402 ..............
1299 1340 1319 1400 l.

393 1440 480 1498 Duae
507 1439 710 1514 quaestiones
739 1441 815 1498 sunt
843 1441 1015 1500 solvendae
1042 1457 1176 1515 prorsus
1204 1440 1364 1498 diversae:
1399 1438 1430 1514 1)
1459 1438 1576 1513 quibus

351 1537 493 1595 fontibus
510 1535 682 1614 Diogenes
699 1539 776 1596 haee
794 1555 864 1613 epp.
883 1539 1030 1598 undecim
1048 1539 1174 1613 debeat;
1196 1536 1229 1613 2)
1248 1555 1287 1596 ex
1302 1537 1419 1612 quibus
1434 1535 1576 1594 fontibus

350 1634 460 1692 eadem
481 1653 552 1708 epp.
573 1636 679 1694 omnia
701 1653 719 1694 a
743 1633 893 1711 Cephalo
914 1637 1009 1711 petita
1032 1636 1105 1695 sint.

391 1731 561 1792 Videamus
580 1733 718 1807 primum
738 1734 777 1792 de
793 1734 967 1808 Diogene.
994 1732 1091 1794 Duos
1104 1751 1177 1792 eum
1194 1733 1380 1794 adhibuisse
1394 1733 1498 1790 fontes
1513 1732 1575 1790 iam

353 1829 559 1888 Stadtmiiller
581 1831 750 1906 perspexit.
788 1831 855 1889 Hie.
877 1849 938 1890 v.e.
959 1833 1043 1890 enim
1066 1831 1100 1890 II
1122 1850 1152 1907 p.
1175 1831 1292 1890 LXXII
1314 1831 1490 1890 arbitratur
1511 1847 1575 1904 ps.-

351 1928 528 2003 Aristippeo
549 1929 630 1987 libro
652 1929 759 1987 deberi
781 1931 900 2003 septem
925 1929 961 2004 (α
976 1961 987 1968 ·
1003 1947 1034 2004 ο,
1060 1928 1153 2003 ο-Ιι)
1178 1930 1227 1987 vel
1247 1930 1318 1987 ooto
1341 1926 1392 2004 (d)
1416 1945 1500 2002 epp,
1525 1927 1575 1986 alii

350 2026 446 2101 fonti,
471 2028 526 2101 qui
547 2044 676 2102 quoque
695 2026 873 2086 exhibuerit
895 2045 943 2101 ep.
968 2027 1004 2102 d,
1029 2045 1100 2102 epp.
1122 2025 1198 2086 i-l.
1224 2028 1311 2085 Haeo
1332 2026 1392 2085 tria
1414 2043 1484 2100 epp.
1506 2026 1575 2084 Dio·

350 2142 462 2200 genem
485 2143 548 2184 non
566 2143 605 2184 ex
623 2126 732 2184 eodem
751 2127 880 2184 auctore
897 2125 1047 2199 petivisse
1065 2129 1161 2198 atque
1178 2143 1227 2199 ep.
1246 2125 1279 2182 in
1297 2125 1408 2182 Astera
1427 2139 1465 2198 α,
1491 2124 1574 2197 quod

350 2239 388 2280 ex
410 2223 642 2298 Ps-Aristippo
662 2223 796 2281 fluxisse
816 2226 938 2281 eertum
959 2225 1024 2296 est,
1051 2224 1099 2281 vel
1120 2240 1157 2281 eo
1178 2222 1383 2297 perspicuum
1401 2223 1465 2296 est,
1491 2221 1574 2294 quod

350 2320 471 2395 alletia,
503 2338 585 2395 quae
613 2321 754 2379 Platonis
782 2338 906 2380 amores
935 2323 1107 2395 testantur,
1139 2320 1377 2396 epigrammatis
1402 2320 1575 2395 adiungere

352 2417 477 2497 videtur
499 2418 640 2477 eiusdem
659 2435 729 2493 epp.
749 2419 781 2476 in
801 2419 861 2477 alio
878 2421 1068 2494 argumento
1088 2418 1258 2477 versantia.
1283 2417 1372 2485 Quae
1390 2434 1460 2492 epp.
1478 2417 1574 2492 igitur

350 2515 390 2573 ad
412 2515 531 2574 fontem
553 2517 848 2592 epigrammaticum
869 2516 954 2593 (Cor.
975 2515 1062 2592 Mel.)
1082 2516 1247 2574 referenda
1265 2518 1351 2573 sunt.
1377 2515 1575 2574 Debemusne

350 2614 455 2671 autem
484 2612 605 2687 reliqua
634 2631 703 2688 epp.
733 2614 839 2671 omnia
869 2614 918 2672 vel
947 2617 1072 2689 praeter
1099 2612 1215 2672 doum
1240 2612 1465 2671 Stadtmiillero
1486 2611 1574 2670 alteri

350 2711 429 2768 fonti
458 2709 656 2769 attribuere?
689 2710 758 2769 Non
788 2712 910 2785 opinor.
945 2713 1024 2770 Nam
1054 2729 1114 2770 vo.
1144 2710 1409 2786 epigrammatum
1431 2710 1573 2768 ordinem

350 2809 554 2867 Laertianum
573 2809 738 2867 turbatum
755 2825 826 2867 esse
844 2812 939 2883 atque
957 2827 993 2868 ea
1013 2810 1119 2884 verba,
1141 2825 1224 2883 quae
1240 2809 1314 2866 inde
1331 2808 1372 2866 ab
1390 2808 1479 2867 initio
1499 2806 1518 2884 ξ
1537 2808 1571 2867 31

350 2903 426 2965 ἀλλὰ
448 2904 513 2983 μὴν
534 2924 638 2981 usque
659 2908 699 2966 ad
720 2907 817 2964 finem
839 2924 888 2982 ep.
911 2907 934 2965 d
954 2908 1112 2982 legantur,
1137 2906 1377 2981 transponenda
1395 2908 1486 2980 putat
1504 2909 1574 2981 post
1641 2933 1645 2938 ·

348 3023 397 3080 ep.
422 3005 457 3076 h;
487 3023 551 3078 qua
579 3006 754 3065 mutatione
781 3006 855 3063 inde
882 3023 900 3064 a
927 3003 1044 3082 δηλοῦν
1067 3004 1102 3082 (ξ
1125 3004 1177 3079 29)
1200 3005 1302 3064 oritur
1323 3005 1425 3064 oratio
1446 3004 1573 3079 obliqua

349 3104 509 3162 continua.
534 3103 611 3161 Mihi
630 3104 708 3162 ordo
726 3121 823 3177 quam
841 3104 1066 3178 integerrimus
1086 3104 1211 3162 videtur
1227 3103 1387 3177 reputanti
1403 3103 1572 3178 Diogenem

349 3202 450 3260 solere
477 3201 609 3259 alterius
637 3203 774 3276 excerpti
804 3202 901 3260 verba
929 3235 966 3241 —
993 3202 1079 3260 nulla
1102 3219 1196 3276 saepe
1217 3201 1391 3259 sententiae
1412 3203 1573 3258 construe-

348 3300 443 3358 tionis
472 3299 580 3357 habita
609 3300 730 3357 ratione
758 3333 795 3339 -—
817 3300 849 3356 in
872 3299 1007 3358 alterum
1029 3301 1168 3358 inserere
1189 3297 1240 3375 81).
1276 3298 1415 3357 Pertexit
1435 3298 1520 3356 enim
1541 3297 1572 3356 in

350 3395 369 3472 ἓ
392 3396 510 3456 29-31
540 3397 621 3455 duas
650 3397 778 3456 notitias
806 3398 968 3472 diversaS,
1000 3397 1131 3456 alteram
1160 3397 1199 3454 de
1225 3396 1366 3455 Platonis
1388 3395 1421 3453 in
1443 3395 1569 3470 Astera,

348 3495 479 3553 alteram
508 3484 649 3553 deeius
664 3495 696 3552 in
721 3495 851 3553 Dionem
873 3498 902 3554 et
925 3495 1106 3553 Phaedrum
1128 3511 1244 3553 amore.
1277 3494 1368 3553 Prior
1389 3493 1453 3552 iam
1476 3510 1572 3568 supra

347 3592 498 3651 distraete
518 3610 686 3668 expressa,
712 3594 809 3652 altera
831 3593 953 3651 lineolis
975 3593 1098 3651 inclusa
1119 3594 1176 3650 est.

343 3688 540 3767 Ἀρίστιππος
563 3736 568 3749 .
585 3736 591 3749 .
608 3736 637 3750 ..
661 3712 756 3768 φησιν

348 3786 470 3849 αὐτὸν
593 3788 777 3866 Ἂοτέρος

232 3937 233 3942 ,
348 3887 590 3966 ἐρασθῆναι,
614 3903 677 3941 ->·
936 3883 1012 3945 ἀλλὰ
1042 3884 1095 3945 καλ
1124 3884 1279 3952 Λίωνος
1308 3889 1361 3944 τοῦ
1383 3883 1571 3962 προειρημέ-

387 3991 404 4060 t
935 4005 1001 4042 νου.
1032 3983 1106 4042 ἔνιοι
1135 3981 1169 4042 δὲ
1198 3980 1251 4042 καὶ
1280 3980 1462 4059 Φαίδρου
1485 3981 1569 4061 φασί,

349 4082 498 4162 δηλοῦν
527 4081 666 4143 δὲ....

235 4199 239 4202 ·
347 4179 635 4258 ἐπιγράμματα
658 4180 708 4256 <·>
733 4199 768 4232 -›
935 4222 941 4247 ,
977 4177 997 4236 ἃ
1029 4176 1082 4238 καὶ
1112 4175 1194 4256 πρὸς
1224 4177 1321 4237 αὐτοῦ
1356 4176 1502 4256 γενέσθαι
1532 4176 1573 4244 εἶς

386 4282 404 4352 t
934 4273 1049 4343 αὐτούς
1072 4275 1128 4353 (so.
1150 4278 1181 4335 in
1205 4279 1241 4335 D.
1263 4280 1292 4336 et
1314 4273 1403 4351 Ph.)·

347 4374 602 4453 (inseparati.
627 4375 689 4453 (ep.
711 4374 747 4451 α)

379 4529 414 4590 81)
450 4530 487 4577 tii.
511 4529 683 4577 Wilamowitz
707 4529 793 4590 Antig.
819 4529 874 4577 Car.
901 4545 922 4590 p.
941 4528 973 4576 48
997 4544 1035 4592 sq.
1060 4527 1098 4589 (et
1121 4526 1243 4590 passim);
1268 4528 1400 4577 Schwartz
1425 4526 1572 4578 Pru-RE.

348 4615 375 4664 V.
397 4613 457 4662 tto:
480 4610 534 4662 ‘das
552 4613 633 4662 Werh
652 4614 697 4662 des
715 4613 773 4662 ht..
793 4615 826 4662 ist
844 4614 985 4677 eigentiioh
1005 4613 1092 4661 niehts
1110 4614 1149 4661 uls
1167 4613 1226 4662 eine
1244 4613 1329 4661 Hauie
1347 4627 1397 4660 von
1416 4611 1572 4674 Excerpten‚

346 4700 388 4748 die
407 4699 574 4761 provisoriseh
595 4697 648 4746 und
668 4698 851 4746 unorderrtlich
871 4697 1209 4760 zusammengescinieben,
1228 4697 1255 4745 in
1267 4696 1378 4746 Umidui
1387 4696 1572 4759 gesetztsind,

346 4784 395 4831 ohe
416 4783 453 4831 sie
471 4797 501 4830 zu
521 4782 607 4830 einem
628 4783 700 4831 Ruch
718 4782 786 4831 uueh
807 4798 858 4830 nur
875 4782 980 4831 teidlieh
999 4781 1163 4844 abgarundet
1179 4781 1254 4831 sind'.
