<?xml version="1.0" encoding="UTF-8"?>
<!DOCTYPE html PUBLIC "-//W3C//DTD XHTML 1.0 Transitional//EN"
    "http://www.w3.org/TR/xhtml1/DTD/xhtml1-transitional.dtd">
<html xmlns="http://www.w3.org/1999/xhtml" xml:lang="en" lang="en">
 <head>
  <title>
</title>
<meta http-equiv="Content-Type" content="text/html;charset=utf-8" />
  <meta name='ocr-system' content='tesseract 3.04.00' />
  <meta name='ocr-capabilities' content='ocr_page ocr_carea ocr_par ocr_line ocrx_word'/>
</head>
<body>
  <div class='ocr_page' id='page_1' title='image "./deepigrammatiss00boasgoog_0073.png"; bbox 0 0 3546 5724; ppageno 0'>
   <div class='ocr_carea' id='block_1_1' title="bbox 792 478 1422 564">
    <p class='ocr_par' dir='ltr' id='par_1_1' title="bbox 792 478 1422 564">
     <span class='ocr_line' id='line_1_1' title="bbox 792 478 1422 564; baseline 0.002 -19"><span class='ocrx_word' id='word_1_1' title='bbox 792 481 829 545; x_wconf 81' lang='lat' dir='ltr'>ar</span> <span class='ocrx_word' id='word_1_2' title='bbox 1251 478 1270 564; x_wconf 76' lang='grc'>0</span> <span class='ocrx_word' id='word_1_3' title='bbox 1294 482 1422 547; x_wconf 59' lang='lat' dir='ltr'>arca.</span> 
     </span>
    </p>
   </div>
   <div class='ocr_carea' id='block_1_2' title="bbox 195 669 1508 4478">
    <p class='ocr_par' dir='ltr' id='par_1_2' title="bbox 197 669 1427 1240">
     <span class='ocr_line' id='line_1_2' title="bbox 200 669 1426 754; baseline -0.001 -19"><span class='ocrx_word' id='word_1_4' title='bbox 200 669 384 754; x_wconf 70' lang='grc' dir='ltr'><em>Κορινθίων</em></span> <span class='ocrx_word' id='word_1_5' title='bbox 408 671 558 736; x_wconf 81' lang='grc' dir='ltr'><em>πίνακα</em></span> <span class='ocrx_word' id='word_1_6' title='bbox 585 677 621 754; x_wconf 80' lang='grc' dir='ltr'>τῇ</span> <span class='ocrx_word' id='word_1_7' title='bbox 647 672 718 754; x_wconf 73' lang='grc' dir='ltr'>θεῷ</span> <span class='ocrx_word' id='word_1_8' title='bbox 743 670 810 734; x_wconf 83' lang='grc' dir='ltr'>τὸν</span> <span class='ocrx_word' id='word_1_9' title='bbox 836 673 890 734; x_wconf 83' lang='grc' dir='ltr'>ἔτι</span> <span class='ocrx_word' id='word_1_10' title='bbox 916 677 986 735; x_wconf 86' lang='grc' dir='ltr'>νῦν</span> <span class='ocrx_word' id='word_1_11' title='bbox 1012 670 1274 752; x_wconf 82' lang='grc' dir='ltr'><strong><em>διαμένοντα,</em></strong></span> <span class='ocrx_word' id='word_1_12' title='bbox 1303 676 1336 734; x_wconf 90' lang='lat' dir='ltr'>in</span> <span class='ocrx_word' id='word_1_13' title='bbox 1358 676 1426 750; x_wconf 91' lang='lat' dir='ltr'>qui·</span> 
     </span>
     <span class='ocr_line' id='line_1_3' title="bbox 197 773 1427 850; baseline -0.002 -16"><span class='ocrx_word' id='word_1_14' title='bbox 197 775 259 834; x_wconf 95' lang='lat' dir='ltr'>bus</span> <span class='ocrx_word' id='word_1_15' title='bbox 291 775 436 834; x_wconf 81' lang='lat' dir='ltr'>notitiam</span> <span class='ocrx_word' id='word_1_16' title='bbox 467 773 678 850; x_wconf 84' lang='lat' dir='ltr'>Theopompi,</span> <span class='ocrx_word' id='word_1_17' title='bbox 714 792 811 848; x_wconf 89' lang='lat' dir='ltr'>quam</span> <span class='ocrx_word' id='word_1_18' title='bbox 843 791 971 848; x_wconf 91' lang='lat' dir='ltr'>quoque</span> <span class='ocrx_word' id='word_1_19' title='bbox 1001 773 1034 831; x_wconf 92' lang='lat' dir='ltr'>in</span> <span class='ocrx_word' id='word_1_20' title='bbox 1066 774 1262 832; x_wconf 81' lang='lat' dir='ltr'>Athenaeum</span> <span class='ocrx_word' id='word_1_21' title='bbox 1293 774 1427 832; x_wconf 87' lang='lat' dir='ltr'>fluxisse</span> 
     </span>
     <span class='ocr_line' id='line_1_4' title="bbox 198 870 1425 947; baseline -0.002 -16"><span class='ocrx_word' id='word_1_22' title='bbox 198 872 354 947; x_wconf 92' lang='lat' dir='ltr'>vidimus,</span> <span class='ocrx_word' id='word_1_23' title='bbox 387 875 546 931; x_wconf 89' lang='lat' dir='ltr'>servatam</span> <span class='ocrx_word' id='word_1_24' title='bbox 574 889 644 930; x_wconf 89' lang='lat' dir='ltr'>esse</span> <span class='ocrx_word' id='word_1_25' title='bbox 672 872 761 930; x_wconf 90' lang='lat' dir='ltr'>docet</span> <span class='ocrx_word' id='word_1_26' title='bbox 790 870 963 929; x_wconf 86' lang='lat' dir='ltr'>similitudo</span> <span class='ocrx_word' id='word_1_27' title='bbox 989 870 1173 929; x_wconf 91' lang='lat' dir='ltr'>ultimorum</span> <span class='ocrx_word' id='word_1_28' title='bbox 1196 871 1425 930; x_wconf 90' lang='lat' dir='ltr'>vocabulorum</span> 
     </span>
     <span class='ocr_line' id='line_1_5' title="bbox 198 965 1427 1052; baseline -0.002 -23"><span class='ocrx_word' id='word_1_29' title='bbox 198 973 294 1044; x_wconf 91' lang='lat' dir='ltr'>atque</span> <span class='ocrx_word' id='word_1_30' title='bbox 327 969 523 1052; x_wconf 89' lang='lat' dir='ltr'>Scholiastae</span> <span class='ocrx_word' id='word_1_31' title='bbox 554 969 713 1028; x_wconf 82' lang='lat' dir='ltr'>Pindarici</span> <span class='ocrx_word' id='word_1_32' title='bbox 744 968 819 1027; x_wconf 90' lang='lat' dir='ltr'>dicti</span> <span class='ocrx_word' id='word_1_33' title='bbox 850 965 916 1027; x_wconf 86' lang='grc' dir='ltr'>καὶ</span> <span class='ocrx_word' id='word_1_34' title='bbox 947 970 1017 1027; x_wconf 85' lang='grc' dir='ltr'>νῦν</span> <span class='ocrx_word' id='word_1_35' title='bbox 1037 965 1088 1044; x_wconf 79' lang='grc'>19).</span> <span class='ocrx_word' id='word_1_36' title='bbox 1125 968 1194 1027; x_wconf 84' lang='grc' dir='ltr'>Ηο0</span> <span class='ocrx_word' id='word_1_37' title='bbox 1215 985 1254 1026; x_wconf 89' lang='lat' dir='ltr'>ex</span> <span class='ocrx_word' id='word_1_38' title='bbox 1276 986 1310 1027; x_wconf 90' lang='lat' dir='ltr'>re</span> <span class='ocrx_word' id='word_1_39' title='bbox 1332 969 1427 1027; x_wconf 91' lang='lat' dir='ltr'>simul</span> 
     </span>
     <span class='ocr_line' id='line_1_6' title="bbox 199 1063 1424 1143; baseline -0.002 -16"><span class='ocrx_word' id='word_1_40' title='bbox 199 1072 330 1143; x_wconf 89' lang='lat' dir='ltr'>apparet</span> <span class='ocrx_word' id='word_1_41' title='bbox 352 1068 555 1142; x_wconf 87' lang='lat' dir='ltr'>Theopompo</span> <span class='ocrx_word' id='word_1_42' title='bbox 576 1067 677 1125; x_wconf 84' lang='lat' dir='ltr'>fuisse</span> <span class='ocrx_word' id='word_1_43' title='bbox 698 1066 867 1125; x_wconf 89' lang='lat' dir='ltr'>donarium</span> <span class='ocrx_word' id='word_1_44' title='bbox 888 1064 1045 1125; x_wconf 80' lang='lat' dir='ltr'>tabulam</span> <span class='ocrx_word' id='word_1_45' title='bbox 1057 1063 1192 1143; x_wconf 80' lang='lat' dir='ltr'>pictam</span> <span class='ocrx_word' id='word_1_46' title='bbox 1212 1083 1315 1140; x_wconf 91' lang='lat' dir='ltr'>neque</span> <span class='ocrx_word' id='word_1_47' title='bbox 1333 1085 1405 1125; x_wconf 89' lang='lat' dir='ltr'>eum</span> <span class='ocrx_word' id='word_1_48' title='bbox 1416 1113 1424 1142; x_wconf 94' lang='lat'>,</span> 
     </span>
     <span class='ocr_line' id='line_1_7' title="bbox 199 1160 1262 1240; baseline -0.002 -16"><span class='ocrx_word' id='word_1_49' title='bbox 199 1168 234 1225; x_wconf 91' lang='lat' dir='ltr'>ut</span> <span class='ocrx_word' id='word_1_50' title='bbox 255 1165 291 1225; x_wconf 88' lang='grc'>111</span> <span class='ocrx_word' id='word_1_51' title='bbox 313 1166 399 1240; x_wconf 90' lang='lat' dir='ltr'>apud</span> <span class='ocrx_word' id='word_1_52' title='bbox 421 1165 646 1238; x_wconf 83' lang='lat' dir='ltr'>Plutarchum,</span> <span class='ocrx_word' id='word_1_53' title='bbox 676 1161 864 1223; x_wconf 76' lang='grc'><strong>1100101010</strong></span> <span class='ocrx_word' id='word_1_54' title='bbox 885 1160 1000 1222; x_wconf 80' lang='lat' dir='ltr'>aencis</span> <span class='ocrx_word' id='word_1_55' title='bbox 1021 1163 1134 1222; x_wconf 87' lang='grc'><strong>1001000</strong></span> <span class='ocrx_word' id='word_1_56' title='bbox 1156 1163 1262 1223; x_wconf 89' lang='lat' dir='ltr'>verba.</span> 
     </span>
    </p>

    <p class='ocr_par' dir='ltr' id='par_1_3' title="bbox 195 1261 1508 2815">
     <span class='ocr_line' id='line_1_8' title="bbox 239 1261 1425 1336; baseline -0.001 -14"><span class='ocrx_word' id='word_1_57' title='bbox 239 1264 344 1322; x_wconf 84' lang='lat' dir='ltr'>Etiam</span> <span class='ocrx_word' id='word_1_58' title='bbox 372 1264 508 1321; x_wconf 92' lang='lat' dir='ltr'>alterum</span> <span class='ocrx_word' id='word_1_59' title='bbox 536 1263 625 1322; x_wconf 89' lang='lat' dir='ltr'>adest</span> <span class='ocrx_word' id='word_1_60' title='bbox 651 1261 803 1320; x_wconf 92' lang='lat' dir='ltr'>indicium</span> <span class='ocrx_word' id='word_1_61' title='bbox 826 1261 1048 1336; x_wconf 90' lang='lat' dir='ltr'>Theopompea</span> <span class='ocrx_word' id='word_1_62' title='bbox 1070 1261 1168 1319; x_wconf 90' lang='lat' dir='ltr'>verba</span> <span class='ocrx_word' id='word_1_63' title='bbox 1190 1261 1223 1319; x_wconf 96' lang='lat' dir='ltr'>in</span> <span class='ocrx_word' id='word_1_64' title='bbox 1248 1261 1373 1321; x_wconf 89' lang='lat' dir='ltr'>Scholio</span> <span class='ocrx_word' id='word_1_65' title='bbox 1394 1263 1425 1322; x_wconf 91' lang='lat' dir='ltr'>in</span> 
     </span>
     <span class='ocr_line' id='line_1_9' title="bbox 198 1359 1428 1436; baseline 0 -17"><span class='ocrx_word' id='word_1_66' title='bbox 198 1361 329 1420; x_wconf 90' lang='lat' dir='ltr'>brevius</span> <span class='ocrx_word' id='word_1_67' title='bbox 351 1363 512 1420; x_wconf 90' lang='lat' dir='ltr'>contracta</span> <span class='ocrx_word' id='word_1_68' title='bbox 534 1360 604 1436; x_wconf 90' lang='lat' dir='ltr'>legi.</span> <span class='ocrx_word' id='word_1_69' title='bbox 629 1360 697 1418; x_wconf 91' lang='lat' dir='ltr'>Iam</span> <span class='ocrx_word' id='word_1_70' title='bbox 720 1359 823 1434; x_wconf 91' lang='lat' dir='ltr'>primo</span> <span class='ocrx_word' id='word_1_71' title='bbox 841 1359 955 1417; x_wconf 91' lang='lat' dir='ltr'>obtutu</span> <span class='ocrx_word' id='word_1_72' title='bbox 973 1359 1179 1418; x_wconf 87' lang='lat' dir='ltr'>manifestum</span> <span class='ocrx_word' id='word_1_73' title='bbox 1198 1363 1246 1418; x_wconf 91' lang='lat' dir='ltr'>est</span> <span class='ocrx_word' id='word_1_74' title='bbox 1265 1360 1428 1419; x_wconf 91' lang='lat' dir='ltr'>Plutarchi</span> 
     </span>
     <span class='ocr_line' id='line_1_10' title="bbox 199 1456 1429 1534; baseline 0.001 -17"><span class='ocrx_word' id='word_1_75' title='bbox 199 1459 416 1518; x_wconf 90' lang='lat' dir='ltr'>testimonium</span> <span class='ocrx_word' id='word_1_76' title='bbox 444 1458 679 1534; x_wconf 91' lang='lat' dir='ltr'>quodammodo</span> <span class='ocrx_word' id='word_1_77' title='bbox 708 1474 779 1516; x_wconf 90' lang='lat' dir='ltr'>oum</span> <span class='ocrx_word' id='word_1_78' title='bbox 803 1457 1026 1532; x_wconf 89' lang='lat' dir='ltr'>Theopompeo</span> <span class='ocrx_word' id='word_1_79' title='bbox 1047 1459 1218 1532; x_wconf 87' lang='lat' dir='ltr'>cognatum</span> <span class='ocrx_word' id='word_1_80' title='bbox 1239 1474 1310 1516; x_wconf 89' lang='lat' dir='ltr'>esse</span> <span class='ocrx_word' id='word_1_81' title='bbox 1333 1456 1429 1534; x_wconf 90' lang='lat' dir='ltr'>(quae</span> 
     </span>
     <span class='ocr_line' id='line_1_11' title="bbox 200 1554 1428 1632; baseline 0 -17"><span class='ocrx_word' id='word_1_82' title='bbox 200 1557 346 1632; x_wconf 79' lang='lat' dir='ltr'>cognatio</span> <span class='ocrx_word' id='word_1_83' title='bbox 374 1557 478 1631; x_wconf 91' lang='lat' dir='ltr'>qualis</span> <span class='ocrx_word' id='word_1_84' title='bbox 507 1557 548 1615; x_wconf 91' lang='lat' dir='ltr'>sit</span> <span class='ocrx_word' id='word_1_85' title='bbox 573 1557 605 1614; x_wconf 94' lang='lat' dir='ltr'>in</span> <span class='ocrx_word' id='word_1_86' title='bbox 628 1556 773 1631; x_wconf 88' lang='lat' dir='ltr'>proxima</span> <span class='ocrx_word' id='word_1_87' title='bbox 795 1555 999 1630; x_wconf 84' lang='lat' dir='ltr'>paragrapho</span> <span class='ocrx_word' id='word_1_88' title='bbox 1021 1554 1226 1632; x_wconf 86' lang='lat' dir='ltr'>videbimus).</span> <span class='ocrx_word' id='word_1_89' title='bbox 1261 1556 1428 1632; x_wconf 89' lang='lat' dir='ltr'>Templum</span> 
     </span>
     <span class='ocr_line' id='line_1_12' title="bbox 200 1654 1428 1731; baseline -0.001 -17"><span class='ocrx_word' id='word_1_90' title='bbox 200 1656 331 1715; x_wconf 88' lang='lat' dir='ltr'>Veneris</span> <span class='ocrx_word' id='word_1_91' title='bbox 353 1657 439 1731; x_wconf 92' lang='lat' dir='ltr'>apud</span> <span class='ocrx_word' id='word_1_92' title='bbox 460 1657 634 1729; x_wconf 88' lang='lat' dir='ltr'>utrumque</span> <span class='ocrx_word' id='word_1_93' title='bbox 655 1671 673 1714; x_wconf 88' lang='lat' dir='ltr'>a</span> <span class='ocrx_word' id='word_1_94' title='bbox 696 1654 805 1713; x_wconf 87' lang='lat' dir='ltr'>Medea</span> <span class='ocrx_word' id='word_1_95' title='bbox 828 1655 990 1713; x_wconf 91' lang='lat' dir='ltr'>conditum</span> <span class='ocrx_word' id='word_1_96' title='bbox 1008 1671 1079 1713; x_wconf 89' lang='lat' dir='ltr'>esse</span> <span class='ocrx_word' id='word_1_97' title='bbox 1096 1654 1221 1712; x_wconf 90' lang='lat' dir='ltr'>dicitur.</span> <span class='ocrx_word' id='word_1_98' title='bbox 1247 1654 1286 1712; x_wconf 93' lang='lat' dir='ltr'>In</span> <span class='ocrx_word' id='word_1_99' title='bbox 1303 1654 1428 1714; x_wconf 91' lang='grc'><strong>80110110</strong></span> 
     </span>
     <span class='ocr_line' id='line_1_13' title="bbox 201 1748 1429 1831; baseline 0 -19"><span class='ocrx_word' id='word_1_100' title='bbox 201 1759 306 1812; x_wconf 89' lang='lat' dir='ltr'>autem</span> <span class='ocrx_word' id='word_1_101' title='bbox 327 1755 444 1830; x_wconf 88' lang='lat' dir='ltr'>legitur</span> <span class='ocrx_word' id='word_1_102' title='bbox 465 1751 499 1812; x_wconf 78' lang='grc' dir='ltr'>τὸ</span> <span class='ocrx_word' id='word_1_103' title='bbox 521 1750 606 1830; x_wconf 76' lang='grc' dir='ltr'><em>ἱερὸν</em></span> <span class='ocrx_word' id='word_1_104' title='bbox 627 1751 645 1812; x_wconf 85' lang='grc' dir='ltr'><em>ὃ</em></span> <span class='ocrx_word' id='word_1_105' title='bbox 667 1750 918 1829; x_wconf 74' lang='grc' dir='ltr'><em>ἱδρύσασθαι</em></span> <span class='ocrx_word' id='word_1_106' title='bbox 942 1749 1010 1831; x_wconf 82' lang='grc' dir='ltr'>τὴν</span> <span class='ocrx_word' id='word_1_107' title='bbox 1033 1748 1219 1830; x_wconf 80' lang='grc' dir='ltr'><em>Μήδειαν</em></span> <span class='ocrx_word' id='word_1_108' title='bbox 1240 1750 1429 1829; x_wconf 76' lang='grc' dir='ltr'><em>λέγουσιν</em></span> 
     </span>
     <span class='ocr_line' id='line_1_14' title="bbox 195 1847 1508 1929; baseline 0.001 -20"><span class='ocrx_word' id='word_1_109' title='bbox 195 1847 297 1928; x_wconf 81' lang='grc' dir='ltr'><em>Ἥρας</em></span> <span class='ocrx_word' id='word_1_110' title='bbox 320 1849 558 1929; x_wconf 82' lang='grc' dir='ltr'>προσταξάσης,</span> <span class='ocrx_word' id='word_1_111' title='bbox 590 1851 676 1926; x_wconf 92' lang='lat' dir='ltr'>apud</span> <span class='ocrx_word' id='word_1_112' title='bbox 698 1851 906 1909; x_wconf 86' lang='lat' dir='ltr'>Plutarchum</span> <span class='ocrx_word' id='word_1_113' title='bbox 928 1852 1035 1909; x_wconf 87' lang='lat' dir='ltr'>tamen</span> <span class='ocrx_word' id='word_1_114' title='bbox 1058 1848 1101 1909; x_wconf 85' lang='grc' dir='ltr'>ὃν</span> <span class='ocrx_word' id='word_1_115' title='bbox 1123 1849 1181 1926; x_wconf 83' lang='lat' dir='ltr'>(sc.</span> <span class='ocrx_word' id='word_1_116' title='bbox 1206 1848 1296 1926; x_wconf 86' lang='grc' dir='ltr'><em>ναὸν)</em></span> <span class='ocrx_word' id='word_1_117' title='bbox 1320 1849 1331 1909; x_wconf 83' lang='grc'>1</span> <span class='ocrx_word' id='word_1_118' title='bbox 1340 1848 1427 1928; x_wconf 74' lang='lat' dir='ltr'>‹ipri-</span> <span class='ocrx_word' id='word_1_119' title='bbox 1504 1877 1508 1886; x_wconf 70' lang='lat'><strong><em>¹</em></strong></span> 
     </span>
     <span class='ocr_line' id='line_1_15' title="bbox 202 1946 1428 2028; baseline -0.001 -19"><span class='ocrx_word' id='word_1_120' title='bbox 202 1947 351 2009; x_wconf 70' lang='grc'><strong>0001101</strong></span> <span class='ocrx_word' id='word_1_121' title='bbox 373 1946 559 2028; x_wconf 76' lang='grc' dir='ltr'><em>Μήδειαν</em></span> <span class='ocrx_word' id='word_1_122' title='bbox 580 1947 785 2026; x_wconf 80' lang='grc' dir='ltr'><em>λέγουσιν,</em></span> <span class='ocrx_word' id='word_1_123' title='bbox 808 1946 917 2026; x_wconf 80' lang='grc' dir='ltr'><em>οἱμὲν</em></span> <span class='ocrx_word' id='word_1_124' title='bbox 939 1946 1037 2027; x_wconf 81' lang='grc' dir='ltr'><em>αὐτὴν</em></span> <span class='ocrx_word' id='word_1_125' title='bbox 1054 1947 1262 2028; x_wconf 80' lang='grc' dir='ltr'><em>παυσαμένην</em></span> <span class='ocrx_word' id='word_1_126' title='bbox 1279 1947 1428 2026; x_wconf 79' lang='grc' dir='ltr'>τάνδρός,</span> 
     </span>
     <span class='ocr_line' id='line_1_16' title="bbox 202 2042 1428 2126; baseline 0.001 -20"><span class='ocrx_word' id='word_1_127' title='bbox 202 2045 231 2106; x_wconf 84' lang='grc' dir='ltr'>οἱ</span> <span class='ocrx_word' id='word_1_128' title='bbox 261 2045 293 2106; x_wconf 77' lang='grc' dir='ltr'>δ’</span> <span class='ocrx_word' id='word_1_129' title='bbox 322 2044 372 2106; x_wconf 81' lang='grc' dir='ltr'>ἐπὶ</span> <span class='ocrx_word' id='word_1_130' title='bbox 403 2052 449 2125; x_wconf 77' lang='grc' dir='ltr'>τῷ</span> <span class='ocrx_word' id='word_1_131' title='bbox 479 2044 532 2106; x_wconf 85' lang='grc' dir='ltr'>τὸν</span> <span class='ocrx_word' id='word_1_132' title='bbox 559 2045 682 2106; x_wconf 89' lang='grc' dir='ltr'><em>Ἰάσονα</em></span> <span class='ocrx_word' id='word_1_133' title='bbox 714 2050 768 2126; x_wconf 84' lang='grc' dir='ltr'>τῆς</span> <span class='ocrx_word' id='word_1_134' title='bbox 801 2042 929 2113; x_wconf 78' lang='grc' dir='ltr'><em>Θέτιδος</em></span> <span class='ocrx_word' id='word_1_135' title='bbox 962 2045 1083 2123; x_wconf 82' lang='grc' dir='ltr'><em>ἐρῶντα</em></span> <span class='ocrx_word' id='word_1_136' title='bbox 1114 2049 1232 2106; x_wconf 80' lang='grc' dir='ltr'><em>παῦσαι</em></span> <span class='ocrx_word' id='word_1_137' title='bbox 1260 2045 1315 2124; x_wconf 81' lang='grc' dir='ltr'>τὴν</span> <span class='ocrx_word' id='word_1_138' title='bbox 1342 2045 1428 2107; x_wconf 66' lang='grc' dir='ltr'><em>θεόν.</em></span> 
     </span>
     <span class='ocr_line' id='line_1_17' title="bbox 204 2143 1429 2220; baseline 0 -16"><span class='ocrx_word' id='word_1_139' title='bbox 204 2144 320 2204; x_wconf 89' lang='grc'><strong>80110111</strong></span> <span class='ocrx_word' id='word_1_140' title='bbox 352 2145 450 2204; x_wconf 92' lang='lat' dir='ltr'>verba</span> <span class='ocrx_word' id='word_1_141' title='bbox 483 2144 629 2204; x_wconf 86' lang='lat' dir='ltr'>absoluta</span> <span class='ocrx_word' id='word_1_142' title='bbox 662 2162 726 2202; x_wconf 92' lang='lat' dir='ltr'>non</span> <span class='ocrx_word' id='word_1_143' title='bbox 759 2147 851 2220; x_wconf 93' lang='lat' dir='ltr'>sunt,</span> <span class='ocrx_word' id='word_1_144' title='bbox 887 2144 949 2202; x_wconf 92' lang='lat' dir='ltr'>nisi</span> <span class='ocrx_word' id='word_1_145' title='bbox 981 2143 1133 2219; x_wconf 89' lang='lat' dir='ltr'>addatur,</span> <span class='ocrx_word' id='word_1_146' title='bbox 1168 2161 1231 2218; x_wconf 94' lang='lat' dir='ltr'>qua</span> <span class='ocrx_word' id='word_1_147' title='bbox 1262 2143 1302 2203; x_wconf 92' lang='lat' dir='ltr'>de</span> <span class='ocrx_word' id='word_1_148' title='bbox 1332 2161 1429 2205; x_wconf 89' lang='lat' dir='ltr'>causa</span> 
     </span>
     <span class='ocr_line' id='line_1_18' title="bbox 202 2242 1429 2316; baseline -0.001 -15"><span class='ocrx_word' id='word_1_149' title='bbox 202 2243 283 2302; x_wconf 93' lang='lat' dir='ltr'>Iuno</span> <span class='ocrx_word' id='word_1_150' title='bbox 310 2243 453 2302; x_wconf 90' lang='lat' dir='ltr'>Medeam</span> <span class='ocrx_word' id='word_1_151' title='bbox 479 2243 591 2302; x_wconf 85' lang='lat' dir='ltr'>lanum</span> <span class='ocrx_word' id='word_1_152' title='bbox 613 2242 749 2302; x_wconf 91' lang='lat' dir='ltr'>condere</span> <span class='ocrx_word' id='word_1_153' title='bbox 770 2242 1009 2302; x_wconf 85' lang='lat' dir='ltr'>Corinthiacum</span> <span class='ocrx_word' id='word_1_154' title='bbox 1031 2242 1176 2316; x_wconf 90' lang='lat' dir='ltr'>iusserit,</span> <span class='ocrx_word' id='word_1_155' title='bbox 1209 2258 1291 2316; x_wconf 90' lang='lat' dir='ltr'>quae</span> <span class='ocrx_word' id='word_1_156' title='bbox 1312 2242 1429 2316; x_wconf 85' lang='lat' dir='ltr'>duplici</span> 
     </span>
     <span class='ocr_line' id='line_1_19' title="bbox 202 2341 1426 2417; baseline 0.001 -17"><span class='ocrx_word' id='word_1_157' title='bbox 202 2341 309 2400; x_wconf 88' lang='lat' dir='ltr'>fabula</span> <span class='ocrx_word' id='word_1_158' title='bbox 341 2341 381 2400; x_wconf 90' lang='lat' dir='ltr'>de</span> <span class='ocrx_word' id='word_1_159' title='bbox 412 2342 520 2417; x_wconf 91' lang='lat' dir='ltr'>templi</span> <span class='ocrx_word' id='word_1_160' title='bbox 551 2342 674 2417; x_wconf 88' lang='lat' dir='ltr'>origine</span> <span class='ocrx_word' id='word_1_161' title='bbox 705 2341 791 2417; x_wconf 90' lang='lat' dir='ltr'>apud</span> <span class='ocrx_word' id='word_1_162' title='bbox 824 2341 1030 2401; x_wconf 85' lang='lat' dir='ltr'>Plutarchum</span> <span class='ocrx_word' id='word_1_163' title='bbox 1060 2343 1209 2400; x_wconf 87' lang='lat' dir='ltr'>enarrata</span> <span class='ocrx_word' id='word_1_164' title='bbox 1238 2341 1426 2401; x_wconf 88' lang='lat' dir='ltr'>continetur.</span> 
     </span>
     <span class='ocr_line' id='line_1_20' title="bbox 202 2435 1430 2518; baseline 0.001 -21"><span class='ocrx_word' id='word_1_165' title='bbox 202 2440 426 2514; x_wconf 88' lang='lat' dir='ltr'>Theopompus</span> <span class='ocrx_word' id='word_1_166' title='bbox 454 2441 522 2515; x_wconf 90' lang='lat' dir='ltr'>ipse</span> <span class='ocrx_word' id='word_1_167' title='bbox 550 2439 648 2516; x_wconf 89' lang='lat' dir='ltr'>igitur</span> <span class='ocrx_word' id='word_1_168' title='bbox 677 2440 845 2515; x_wconf 88' lang='lat' dir='ltr'>scripsisse</span> <span class='ocrx_word' id='word_1_169' title='bbox 873 2435 1052 2498; x_wconf 90' lang='lat' dir='ltr'>censendus</span> <span class='ocrx_word' id='word_1_170' title='bbox 1074 2437 1161 2498; x_wconf 77' lang='grc'><strong>0018</strong></span> <span class='ocrx_word' id='word_1_171' title='bbox 1183 2436 1242 2516; x_wconf 80' lang='grc' dir='ltr'>ῖὸρ.</span> <span class='ocrx_word' id='word_1_172' title='bbox 1265 2437 1320 2516; x_wconf 80' lang='grc' dir='ltr'>τὴν</span> <span class='ocrx_word' id='word_1_173' title='bbox 1341 2435 1430 2518; x_wconf 82' lang='grc' dir='ltr'>Μήό.</span> 
     </span>
     <span class='ocr_line' id='line_1_21' title="bbox 202 2533 1430 2615; baseline 0.001 -18"><span class='ocrx_word' id='word_1_174' title='bbox 202 2534 344 2614; x_wconf 81' lang='grc' dir='ltr'><em>λέγουσιν</em></span> <span class='ocrx_word' id='word_1_175' title='bbox 364 2533 467 2614; x_wconf 86' lang='grc' dir='ltr'><em>Ἥρας</em></span> <span class='ocrx_word' id='word_1_176' title='bbox 487 2535 724 2615; x_wconf 80' lang='grc' dir='ltr'>προσταξάσης,</span> <span class='ocrx_word' id='word_1_177' title='bbox 753 2536 783 2596; x_wconf 80' lang='lat' dir='ltr'>oi</span> <span class='ocrx_word' id='word_1_178' title='bbox 803 2535 862 2614; x_wconf 86' lang='grc' dir='ltr'>μὲν</span> <span class='ocrx_word' id='word_1_179' title='bbox 885 2584 890 2595; x_wconf 96' lang='grc'><strong>.</strong></span> <span class='ocrx_word' id='word_1_180' title='bbox 913 2584 919 2596; x_wconf 93' lang='grc'><strong>.</strong></span> <span class='ocrx_word' id='word_1_181' title='bbox 943 2533 1125 2614; x_wconf 79' lang='grc' dir='ltr'>.10’1νὸρός,Ι</span> <span class='ocrx_word' id='word_1_182' title='bbox 1149 2536 1179 2596; x_wconf 82' lang='grc' dir='ltr'>οἱ</span> <span class='ocrx_word' id='word_1_183' title='bbox 1200 2535 1235 2597; x_wconf 79' lang='grc' dir='ltr'>δὲ</span> <span class='ocrx_word' id='word_1_184' title='bbox 1257 2584 1263 2596; x_wconf 92' lang='grc'><strong>.</strong></span> <span class='ocrx_word' id='word_1_185' title='bbox 1286 2585 1292 2596; x_wconf 93' lang='grc'><strong>.</strong></span> <span class='ocrx_word' id='word_1_186' title='bbox 1316 2536 1430 2598; x_wconf 67' lang='grc' dir='ltr'><strong>,110όο</strong></span> 
     </span>
     <span class='ocr_line' id='line_1_22' title="bbox 203 2633 1432 2713; baseline 0.002 -20"><span class='ocrx_word' id='word_1_187' title='bbox 203 2635 251 2693; x_wconf 81' lang='lat' dir='ltr'>Ex</span> <span class='ocrx_word' id='word_1_188' title='bbox 284 2635 346 2693; x_wconf 92' lang='lat' dir='ltr'>illis</span> <span class='ocrx_word' id='word_1_189' title='bbox 382 2637 488 2694; x_wconf 90' lang='lat' dir='ltr'>autem</span> <span class='ocrx_word' id='word_1_190' title='bbox 519 2635 712 2694; x_wconf 90' lang='lat' dir='ltr'>Plutarchus</span> <span class='ocrx_word' id='word_1_191' title='bbox 744 2636 793 2694; x_wconf 91' lang='lat' dir='ltr'>vel</span> <span class='ocrx_word' id='word_1_192' title='bbox 825 2636 893 2694; x_wconf 91' lang='lat' dir='ltr'>eius</span> <span class='ocrx_word' id='word_1_193' title='bbox 925 2638 1036 2694; x_wconf 89' lang='lat' dir='ltr'>auctor</span> <span class='ocrx_word' id='word_1_194' title='bbox 1067 2636 1172 2694; x_wconf 91' lang='lat' dir='ltr'>omisit</span> <span class='ocrx_word' id='word_1_195' title='bbox 1204 2636 1303 2696; x_wconf 91' lang='lat' dir='ltr'>verba</span> <span class='ocrx_word' id='word_1_196' title='bbox 1329 2633 1432 2713; x_wconf 83' lang='grc' dir='ltr'><em>Ἥρας</em></span> 
     </span>
     <span class='ocr_line' id='line_1_23' title="bbox 203 2730 811 2815; baseline 0.003 -25"><span class='ocrx_word' id='word_1_197' title='bbox 203 2730 432 2811; x_wconf 77' lang='grc' dir='ltr'>προσταξάσης.</span> <span class='ocrx_word' id='word_1_198' title='bbox 756 2801 757 2804; x_wconf 10' lang='lat'>¹</span> <span class='ocrx_word' id='word_1_199' title='bbox 807 2806 811 2815; x_wconf 36' lang='grc' dir='ltr'>Ι</span> 
     </span>
    </p>

    <p class='ocr_par' dir='ltr' id='par_1_4' title="bbox 203 2829 1430 3006">
     <span class='ocr_line' id='line_1_24' title="bbox 243 2829 1430 2909; baseline -0.001 -18"><span class='ocrx_word' id='word_1_200' title='bbox 243 2830 334 2909; x_wconf 66' lang='lat' dir='ltr'>§td</span> <span class='ocrx_word' id='word_1_201' title='bbox 380 2829 432 2890; x_wconf 91' lang='lat' dir='ltr'>Dc</span> <span class='ocrx_word' id='word_1_202' title='bbox 465 2829 662 2892; x_wconf 80' lang='lat' dir='ltr'>Plutarcho.</span> <span class='ocrx_word' id='word_1_203' title='bbox 707 2832 939 2909; x_wconf 86' lang='lat' dir='ltr'>Investiganti,</span> <span class='ocrx_word' id='word_1_204' title='bbox 981 2849 1045 2907; x_wconf 87' lang='lat' dir='ltr'>qua</span> <span class='ocrx_word' id='word_1_205' title='bbox 1080 2833 1202 2891; x_wconf 90' lang='lat' dir='ltr'>nitatur</span> <span class='ocrx_word' id='word_1_206' title='bbox 1237 2833 1430 2891; x_wconf 88' lang='lat' dir='ltr'>Plutarchus</span> 
     </span>
     <span class='ocr_line' id='line_1_25' title="bbox 203 2930 1305 3006; baseline 0.001 -17"><span class='ocrx_word' id='word_1_207' title='bbox 203 2930 406 3005; x_wconf 88' lang='lat' dir='ltr'>auctoritate,</span> <span class='ocrx_word' id='word_1_208' title='bbox 432 2930 515 2989; x_wconf 89' lang='lat' dir='ltr'>duae</span> <span class='ocrx_word' id='word_1_209' title='bbox 536 2931 738 3004; x_wconf 87' lang='lat' dir='ltr'>quaestiones</span> <span class='ocrx_word' id='word_1_210' title='bbox 760 2930 927 3005; x_wconf 87' lang='lat' dir='ltr'>diligenter</span> <span class='ocrx_word' id='word_1_211' title='bbox 948 2931 1193 3006; x_wconf 86' lang='lat' dir='ltr'>distinguendae</span> <span class='ocrx_word' id='word_1_212' title='bbox 1215 2935 1305 2990; x_wconf 90' lang='lat' dir='ltr'>sunt:</span> 
     </span>
    </p>

    <p class='ocr_par' dir='ltr' id='par_1_5' title="bbox 243 3028 1431 3104">
     <span class='ocr_line' id='line_1_26' title="bbox 243 3028 1431 3104; baseline -0.003 -15"><span class='ocrx_word' id='word_1_213' title='bbox 243 3029 273 3104; x_wconf 84' lang='lat'>1)</span> <span class='ocrx_word' id='word_1_214' title='bbox 304 3047 343 3087; x_wconf 88' lang='lat' dir='ltr'>ex</span> <span class='ocrx_word' id='word_1_215' title='bbox 364 3045 429 3103; x_wconf 94' lang='lat' dir='ltr'>quo</span> <span class='ocrx_word' id='word_1_216' title='bbox 450 3029 537 3087; x_wconf 87' lang='lat' dir='ltr'>fonte</span> <span class='ocrx_word' id='word_1_217' title='bbox 558 3029 665 3087; x_wconf 91' lang='lat' dir='ltr'>hausit</span> <span class='ocrx_word' id='word_1_218' title='bbox 687 3029 769 3088; x_wconf 92' lang='lat' dir='ltr'>Plut.</span> <span class='ocrx_word' id='word_1_219' title='bbox 794 3045 847 3104; x_wconf 89' lang='lat' dir='ltr'>ea,</span> <span class='ocrx_word' id='word_1_220' title='bbox 873 3046 955 3103; x_wconf 89' lang='lat' dir='ltr'>quae</span> <span class='ocrx_word' id='word_1_221' title='bbox 976 3028 1015 3087; x_wconf 93' lang='lat' dir='ltr'>de</span> <span class='ocrx_word' id='word_1_222' title='bbox 1036 3046 1084 3104; x_wconf 91' lang='lat' dir='ltr'>ep.</span> <span class='ocrx_word' id='word_1_223' title='bbox 1101 3029 1158 3088; x_wconf 85' lang='lat'>137</span> <span class='ocrx_word' id='word_1_224' title='bbox 1180 3029 1289 3102; x_wconf 90' lang='lat' dir='ltr'>habet;</span> <span class='ocrx_word' id='word_1_225' title='bbox 1312 3029 1431 3103; x_wconf 91' lang='lat' dir='ltr'>qualis·</span> 
     </span>
    </p>

    <p class='ocr_par' dir='ltr' id='par_1_6' title="bbox 302 3127 1224 3202">
     <span class='ocr_line' id='line_1_27' title="bbox 302 3127 1224 3202; baseline 0.001 -17"><span class='ocrx_word' id='word_1_226' title='bbox 302 3144 365 3202; x_wconf 87' lang='lat' dir='ltr'>que</span> <span class='ocrx_word' id='word_1_227' title='bbox 386 3129 472 3185; x_wconf 89' lang='lat' dir='ltr'>extat</span> <span class='ocrx_word' id='word_1_228' title='bbox 493 3127 634 3186; x_wconf 91' lang='lat' dir='ltr'>condicio</span> <span class='ocrx_word' id='word_1_229' title='bbox 656 3127 737 3186; x_wconf 90' lang='lat' dir='ltr'>inter</span> <span class='ocrx_word' id='word_1_230' title='bbox 758 3145 831 3186; x_wconf 91' lang='lat' dir='ltr'>eum</span> <span class='ocrx_word' id='word_1_231' title='bbox 852 3129 949 3201; x_wconf 90' lang='lat' dir='ltr'>atque</span> <span class='ocrx_word' id='word_1_232' title='bbox 969 3127 1224 3202; x_wconf 63' lang='lat' dir='ltr'>Theopompum</span> 
     </span>
    </p>

    <p class='ocr_par' dir='ltr' id='par_1_7' title="bbox 242 3223 1432 3301">
     <span class='ocr_line' id='line_1_28' title="bbox 242 3223 1432 3301; baseline -0.001 -18"><span class='ocrx_word' id='word_1_233' title='bbox 242 3223 273 3299; x_wconf 82' lang='lat'>2)</span> <span class='ocrx_word' id='word_1_234' title='bbox 304 3243 383 3283; x_wconf 92' lang='lat' dir='ltr'>num</span> <span class='ocrx_word' id='word_1_235' title='bbox 398 3243 462 3299; x_wconf 93' lang='lat' dir='ltr'>quo</span> <span class='ocrx_word' id='word_1_236' title='bbox 477 3225 564 3284; x_wconf 80' lang='lat' dir='ltr'>fonte</span> <span class='ocrx_word' id='word_1_237' title='bbox 577 3243 658 3285; x_wconf 90' lang='lat' dir='ltr'>usus</span> <span class='ocrx_word' id='word_1_238' title='bbox 673 3227 721 3284; x_wconf 89' lang='grc'>001</span> <span class='ocrx_word' id='word_1_239' title='bbox 736 3225 769 3284; x_wconf 90' lang='grc'>10</span> <span class='ocrx_word' id='word_1_240' title='bbox 784 3243 832 3301; x_wconf 89' lang='lat' dir='ltr'>ep.</span> <span class='ocrx_word' id='word_1_241' title='bbox 849 3225 905 3285; x_wconf 84' lang='lat'>137</span> <span class='ocrx_word' id='word_1_242' title='bbox 922 3226 1017 3300; x_wconf 91' lang='lat' dir='ltr'>Plut.,</span> <span class='ocrx_word' id='word_1_243' title='bbox 1035 3226 1117 3285; x_wconf 90' lang='lat' dir='ltr'>idem</span> <span class='ocrx_word' id='word_1_244' title='bbox 1133 3227 1161 3285; x_wconf 89' lang='grc'>01</span> <span class='ocrx_word' id='word_1_245' title='bbox 1176 3224 1432 3301; x_wconf 88' lang='lat' dir='ltr'>suppeditavisse</span> 
     </span>
    </p>

    <p class='ocr_par' dir='ltr' id='par_1_8' title="bbox 302 3322 1428 3399">
     <span class='ocr_line' id='line_1_29' title="bbox 302 3322 1428 3399; baseline 0 -19"><span class='ocrx_word' id='word_1_246' title='bbox 302 3323 429 3381; x_wconf 90' lang='lat' dir='ltr'>videtur</span> <span class='ocrx_word' id='word_1_247' title='bbox 455 3323 684 3398; x_wconf 88' lang='lat' dir='ltr'>epigrammata</span> <span class='ocrx_word' id='word_1_248' title='bbox 710 3326 862 3398; x_wconf 90' lang='lat' dir='ltr'>quattuor</span> <span class='ocrx_word' id='word_1_249' title='bbox 889 3323 1090 3383; x_wconf 79' lang='lat' dir='ltr'>Corinthiaca</span> <span class='ocrx_word' id='word_1_250' title='bbox 1117 3341 1199 3398; x_wconf 89' lang='lat' dir='ltr'>quae</span> <span class='ocrx_word' id='word_1_251' title='bbox 1224 3322 1428 3399; x_wconf 88' lang='lat' dir='ltr'>praecedunt.</span> 
     </span>
    </p>

    <p class='ocr_par' dir='ltr' id='par_1_9' title="bbox 204 3420 1466 4363">
     <span class='ocr_line' id='line_1_30' title="bbox 243 3420 1430 3497; baseline 0.001 -19"><span class='ocrx_word' id='word_1_252' title='bbox 243 3421 433 3479; x_wconf 89' lang='lat' dir='ltr'>Plutarchea</span> <span class='ocrx_word' id='word_1_253' title='bbox 458 3421 567 3480; x_wconf 88' lang='lat' dir='ltr'>notitia</span> <span class='ocrx_word' id='word_1_254' title='bbox 588 3421 827 3497; x_wconf 89' lang='lat' dir='ltr'>epigrammatis</span> <span class='ocrx_word' id='word_1_255' title='bbox 851 3420 917 3496; x_wconf 90' lang='grc'><strong>137,</strong></span> <span class='ocrx_word' id='word_1_256' title='bbox 950 3438 1145 3496; x_wconf 91' lang='lat' dir='ltr'>quamquam</span> <span class='ocrx_word' id='word_1_257' title='bbox 1168 3422 1337 3480; x_wconf 87' lang='lat' dir='ltr'>manifesto</span> <span class='ocrx_word' id='word_1_258' title='bbox 1359 3438 1430 3495; x_wconf 88' lang='lat' dir='ltr'>cog·</span> 
     </span>
     <span class='ocr_line' id='line_1_31' title="bbox 204 3518 1428 3594; baseline 0.001 -19"><span class='ocrx_word' id='word_1_259' title='bbox 204 3521 277 3576; x_wconf 92' lang='lat' dir='ltr'>nata</span> <span class='ocrx_word' id='word_1_260' title='bbox 312 3520 361 3577; x_wconf 90' lang='lat' dir='ltr'>est</span> <span class='ocrx_word' id='word_1_261' title='bbox 396 3534 469 3576; x_wconf 90' lang='lat' dir='ltr'>cum</span> <span class='ocrx_word' id='word_1_262' title='bbox 500 3518 741 3594; x_wconf 90' lang='lat' dir='ltr'>Theopompea,</span> <span class='ocrx_word' id='word_1_263' title='bbox 779 3537 818 3578; x_wconf 90' lang='lat' dir='ltr'>ex</span> <span class='ocrx_word' id='word_1_264' title='bbox 853 3519 912 3579; x_wconf 91' lang='lat' dir='ltr'>hac</span> <span class='ocrx_word' id='word_1_265' title='bbox 946 3520 1016 3594; x_wconf 87' lang='lat' dir='ltr'>ipsa</span> <span class='ocrx_word' id='word_1_266' title='bbox 1052 3521 1174 3579; x_wconf 93' lang='lat' dir='ltr'>hauriri</span> <span class='ocrx_word' id='word_1_267' title='bbox 1210 3537 1274 3578; x_wconf 90' lang='lat' dir='ltr'>non</span> <span class='ocrx_word' id='word_1_268' title='bbox 1306 3519 1428 3594; x_wconf 92' lang='lat' dir='ltr'>potuit,</span> 
     </span>
     <span class='ocr_line' id='line_1_32' title="bbox 204 3613 1432 3693; baseline 0 -19"><span class='ocrx_word' id='word_1_269' title='bbox 204 3617 355 3689; x_wconf 92' lang='lat' dir='ltr'>quoniam</span> <span class='ocrx_word' id='word_1_270' title='bbox 377 3616 455 3674; x_wconf 90' lang='lat' dir='ltr'>haec</span> <span class='ocrx_word' id='word_1_271' title='bbox 476 3619 693 3691; x_wconf 89' lang='lat' dir='ltr'>repraesentat</span> <span class='ocrx_word' id='word_1_272' title='bbox 714 3613 916 3676; x_wconf 86' lang='lat' dir='ltr'>traditionem</span> <span class='ocrx_word' id='word_1_273' title='bbox 935 3619 1202 3693; x_wconf 88' lang='lat' dir='ltr'>epigrammatum</span> <span class='ocrx_word' id='word_1_274' title='bbox 1221 3617 1432 3691; x_wconf 89' lang='lat' dir='ltr'>antiquiorem</span> 
     </span>
     <span class='ocr_line' id='line_1_33' title="bbox 206 3712 1432 3792; baseline -0.002 -20"><span class='ocrx_word' id='word_1_275' title='bbox 206 3712 413 3791; x_wconf 88' lang='lat' dir='ltr'>(anonymam</span> <span class='ocrx_word' id='word_1_276' title='bbox 432 3712 486 3790; x_wconf 84' lang='lat' dir='ltr'>A),</span> <span class='ocrx_word' id='word_1_277' title='bbox 511 3715 563 3773; x_wconf 90' lang='lat' dir='ltr'>illa</span> <span class='ocrx_word' id='word_1_278' title='bbox 580 3718 686 3774; x_wconf 90' lang='lat' dir='ltr'>autem</span> <span class='ocrx_word' id='word_1_279' title='bbox 702 3716 908 3774; x_wconf 87' lang='lat' dir='ltr'>recentiorem</span> <span class='ocrx_word' id='word_1_280' title='bbox 927 3713 1156 3792; x_wconf 88' lang='lat' dir='ltr'>(Simonideam</span> <span class='ocrx_word' id='word_1_281' title='bbox 1176 3713 1224 3792; x_wconf 85' lang='lat' dir='ltr'>S).</span> <span class='ocrx_word' id='word_1_282' title='bbox 1249 3716 1318 3773; x_wconf 91' lang='lat' dir='ltr'>Hoc</span> <span class='ocrx_word' id='word_1_283' title='bbox 1334 3713 1432 3790; x_wconf 88' lang='lat' dir='ltr'>igitur</span> 
     </span>
     <span class='ocr_line' id='line_1_34' title="bbox 205 3810 1466 3889; baseline 0 -20"><span class='ocrx_word' id='word_1_284' title='bbox 205 3813 396 3871; x_wconf 91' lang='lat' dir='ltr'>sumendum</span> <span class='ocrx_word' id='word_1_285' title='bbox 425 3815 473 3871; x_wconf 88' lang='lat' dir='ltr'>est</span> <span class='ocrx_word' id='word_1_286' title='bbox 501 3813 709 3872; x_wconf 90' lang='lat' dir='ltr'>Plutarchum</span> <span class='ocrx_word' id='word_1_287' title='bbox 739 3831 803 3872; x_wconf 94' lang='lat' dir='ltr'>non</span> <span class='ocrx_word' id='word_1_288' title='bbox 825 3814 1029 3889; x_wconf 89' lang='lat' dir='ltr'>Theopompo</span> <span class='ocrx_word' id='word_1_289' title='bbox 1050 3814 1120 3888; x_wconf 91' lang='lat' dir='ltr'>ipso</span> <span class='ocrx_word' id='word_1_290' title='bbox 1141 3831 1237 3872; x_wconf 91' lang='lat' dir='ltr'>usum</span> <span class='ocrx_word' id='word_1_291' title='bbox 1259 3829 1345 3886; x_wconf 88' lang='lat' dir='ltr'>esse,</span> <span class='ocrx_word' id='word_1_292' title='bbox 1375 3810 1432 3870; x_wconf 90' lang='lat' dir='ltr'>sed</span> <span class='ocrx_word' id='word_1_293' title='bbox 1461 3863 1466 3881; x_wconf 78' lang='lat'>,</span> 
     </span>
     <span class='ocr_line' id='line_1_35' title="bbox 205 3910 1429 3986; baseline -0.002 -18"><span class='ocrx_word' id='word_1_294' title='bbox 205 3911 358 3985; x_wconf 87' lang='lat' dir='ltr'>scriptore</span> <span class='ocrx_word' id='word_1_295' title='bbox 379 3911 536 3984; x_wconf 91' lang='lat' dir='ltr'>quodam,</span> <span class='ocrx_word' id='word_1_296' title='bbox 560 3928 579 3969; x_wconf 93' lang='lat' dir='ltr'>a</span> <span class='ocrx_word' id='word_1_297' title='bbox 600 3929 664 3984; x_wconf 94' lang='lat' dir='ltr'>quo</span> <span class='ocrx_word' id='word_1_298' title='bbox 686 3912 911 3986; x_wconf 89' lang='lat' dir='ltr'>Theopompus</span> <span class='ocrx_word' id='word_1_299' title='bbox 929 3914 1012 3971; x_wconf 90' lang='lat' dir='ltr'>esset</span> <span class='ocrx_word' id='word_1_300' title='bbox 1030 3911 1202 3970; x_wconf 81' lang='lat' dir='ltr'>adhibitus</span> <span class='ocrx_word' id='word_1_301' title='bbox 1228 3910 1289 3979; x_wconf 84' lang='lat' dir='ltr'>Qui</span> <span class='ocrx_word' id='word_1_302' title='bbox 1308 3911 1429 3984; x_wconf 84' lang='lat' dir='ltr'>auctor,</span> 
     </span>
     <span class='ocr_line' id='line_1_36' title="bbox 205 4009 1432 4085; baseline -0.001 -18"><span class='ocrx_word' id='word_1_303' title='bbox 205 4026 298 4082; x_wconf 90' lang='lat' dir='ltr'>quem</span> <span class='ocrx_word' id='word_1_304' title='bbox 326 4009 431 4067; x_wconf 90' lang='lat' dir='ltr'>littera</span> <span class='ocrx_word' id='word_1_305' title='bbox 460 4009 487 4066; x_wconf 90' lang='lat' dir='ltr'>X</span> <span class='ocrx_word' id='word_1_306' title='bbox 514 4009 705 4085; x_wconf 89' lang='lat' dir='ltr'>designabo,</span> <span class='ocrx_word' id='word_1_307' title='bbox 738 4010 810 4085; x_wconf 89' lang='lat' dir='ltr'>quis</span> <span class='ocrx_word' id='word_1_308' title='bbox 838 4009 951 4084; x_wconf 87' lang='lat' dir='ltr'>fuerit,</span> <span class='ocrx_word' id='word_1_309' title='bbox 983 4026 1174 4084; x_wconf 89' lang='lat' dir='ltr'>cognoscere</span> <span class='ocrx_word' id='word_1_310' title='bbox 1203 4011 1313 4067; x_wconf 91' lang='lat' dir='ltr'>nostra</span> <span class='ocrx_word' id='word_1_311' title='bbox 1335 4025 1432 4082; x_wconf 93' lang='lat' dir='ltr'>quam</span> 
     </span>
     <span class='ocr_line' id='line_1_37' title="bbox 205 4107 1433 4183; baseline 0 -19"><span class='ocrx_word' id='word_1_312' title='bbox 205 4107 341 4166; x_wconf 88' lang='lat' dir='ltr'>maxime</span> <span class='ocrx_word' id='word_1_313' title='bbox 369 4108 518 4183; x_wconf 88' lang='lat' dir='ltr'>interest,</span> <span class='ocrx_word' id='word_1_314' title='bbox 550 4126 622 4167; x_wconf 89' lang='lat' dir='ltr'>eum</span> <span class='ocrx_word' id='word_1_315' title='bbox 650 4126 722 4168; x_wconf 90' lang='lat' dir='ltr'>eum</span> <span class='ocrx_word' id='word_1_316' title='bbox 750 4109 839 4168; x_wconf 89' lang='lat' dir='ltr'>iuxta</span> <span class='ocrx_word' id='word_1_317' title='bbox 868 4108 1070 4167; x_wconf 87' lang='lat' dir='ltr'>traditionem</span> <span class='ocrx_word' id='word_1_318' title='bbox 1092 4107 1331 4183; x_wconf 88' lang='lat' dir='ltr'>epigrammatis</span> <span class='ocrx_word' id='word_1_319' title='bbox 1353 4107 1433 4166; x_wconf 91' lang='lat' dir='ltr'>anti-</span> 
     </span>
     <span class='ocr_line' id='line_1_38' title="bbox 205 4205 1433 4282; baseline 0.001 -20"><span class='ocrx_word' id='word_1_320' title='bbox 205 4205 365 4281; x_wconf 91' lang='lat' dir='ltr'>quiorem,</span> <span class='ocrx_word' id='word_1_321' title='bbox 397 4223 495 4280; x_wconf 91' lang='lat' dir='ltr'>quam</span> <span class='ocrx_word' id='word_1_322' title='bbox 516 4207 602 4281; x_wconf 89' lang='lat' dir='ltr'>apud</span> <span class='ocrx_word' id='word_1_323' title='bbox 623 4207 863 4282; x_wconf 88' lang='lat' dir='ltr'>Theopompum</span> <span class='ocrx_word' id='word_1_324' title='bbox 885 4207 1078 4281; x_wconf 85' lang='lat' dir='ltr'>invenisset,</span> <span class='ocrx_word' id='word_1_325' title='bbox 1110 4207 1314 4265; x_wconf 89' lang='lat' dir='ltr'>recentiorem</span> <span class='ocrx_word' id='word_1_326' title='bbox 1336 4205 1433 4265; x_wconf 91' lang='lat' dir='ltr'>tradi-</span> 
     </span>
     <span class='ocr_line' id='line_1_39' title="bbox 205 4303 1071 4363; baseline 0.001 -3"><span class='ocrx_word' id='word_1_327' title='bbox 205 4303 321 4361; x_wconf 89' lang='lat' dir='ltr'>tionem</span> <span class='ocrx_word' id='word_1_328' title='bbox 343 4303 473 4362; x_wconf 91' lang='lat' dir='ltr'>aliunde</span> <span class='ocrx_word' id='word_1_329' title='bbox 494 4304 679 4363; x_wconf 88' lang='lat' dir='ltr'>arcessitam</span> <span class='ocrx_word' id='word_1_330' title='bbox 699 4305 849 4363; x_wconf 91' lang='lat' dir='ltr'>laudasse</span> <span class='ocrx_word' id='word_1_331' title='bbox 871 4321 1000 4363; x_wconf 90' lang='lat' dir='ltr'>necesse</span> <span class='ocrx_word' id='word_1_332' title='bbox 1022 4305 1071 4363; x_wconf 90' lang='lat' dir='ltr'>sit.</span> 
     </span>
    </p>

    <p class='ocr_par' dir='ltr' id='par_1_10' title="bbox 245 4401 1434 4478">
     <span class='ocr_line' id='line_1_40' title="bbox 245 4401 1434 4478; baseline 0.001 -18"><span class='ocrx_word' id='word_1_333' title='bbox 245 4401 419 4470; x_wconf 83' lang='lat' dir='ltr'>Quaeritur</span> <span class='ocrx_word' id='word_1_334' title='bbox 446 4405 569 4478; x_wconf 89' lang='lat' dir='ltr'>autem,</span> <span class='ocrx_word' id='word_1_335' title='bbox 601 4421 679 4462; x_wconf 93' lang='lat' dir='ltr'>num</span> <span class='ocrx_word' id='word_1_336' title='bbox 707 4403 780 4462; x_wconf 85' lang='lat' dir='ltr'>fons</span> <span class='ocrx_word' id='word_1_337' title='bbox 808 4403 859 4461; x_wconf 91' lang='lat' dir='ltr'>ille</span> <span class='ocrx_word' id='word_1_338' title='bbox 886 4403 912 4460; x_wconf 89' lang='lat' dir='ltr'>X</span> <span class='ocrx_word' id='word_1_339' title='bbox 938 4403 1034 4461; x_wconf 84' lang='lat' dir='ltr'>fuerit</span> <span class='ocrx_word' id='word_1_340' title='bbox 1054 4402 1155 4478; x_wconf 91' lang='lat' dir='ltr'>idem,</span> <span class='ocrx_word' id='word_1_341' title='bbox 1187 4421 1225 4460; x_wconf 87' lang='lat' dir='ltr'>ex</span> <span class='ocrx_word' id='word_1_342' title='bbox 1247 4421 1311 4476; x_wconf 94' lang='lat' dir='ltr'>quo</span> <span class='ocrx_word' id='word_1_343' title='bbox 1332 4406 1434 4462; x_wconf 90' lang='lat' dir='ltr'>cetera</span> 
     </span>
    </p>
   </div>
   <div class='ocr_carea' id='block_1_3' title="bbox 210 4555 367 4562">
    <p class='ocr_par' dir='ltr' id='par_1_11' title="bbox 210 4555 367 4562">
     <span class='ocr_line' id='line_1_41' title="bbox 210 4555 367 4562; baseline 0.006 -1"><span class='ocrx_word' id='word_1_344' title='bbox 210 4555 367 4562; x_wconf 81' lang='lat'>————</span> 
     </span>
    </p>
   </div>
   <div class='ocr_carea' id='block_1_4' title="bbox 239 4638 1435 4708">
    <p class='ocr_par' dir='ltr' id='par_1_12' title="bbox 239 4638 1435 4708">
     <span class='ocr_line' id='line_1_42' title="bbox 239 4638 1435 4708; baseline 0 -16"><span class='ocrx_word' id='word_1_345' title='bbox 239 4641 273 4705; x_wconf 78' lang='lat' dir='ltr'>l⁹)</span> <span class='ocrx_word' id='word_1_346' title='bbox 307 4643 394 4693; x_wconf 80' lang='lat' dir='ltr'>Verba</span> <span class='ocrx_word' id='word_1_347' title='bbox 411 4638 455 4691; x_wconf 82' lang='grc' dir='ltr'>τὸν</span> <span class='ocrx_word' id='word_1_348' title='bbox 472 4639 507 4690; x_wconf 80' lang='grc' dir='ltr'>ἔτι</span> <span class='ocrx_word' id='word_1_349' title='bbox 526 4646 573 4692; x_wconf 84' lang='grc' dir='ltr'>νῦν</span> <span class='ocrx_word' id='word_1_350' title='bbox 590 4639 744 4706; x_wconf 83' lang='grc' dir='ltr'><em>διαμένοντα</em></span> <span class='ocrx_word' id='word_1_351' title='bbox 763 4659 815 4692; x_wconf 88' lang='grc'><strong>0011</strong></span> <span class='ocrx_word' id='word_1_352' title='bbox 835 4644 965 4692; x_wconf 84' lang='lat' dir='ltr'>Athenaei</span> <span class='ocrx_word' id='word_1_353' title='bbox 982 4644 1065 4708; x_wconf 83' lang='lat' dir='ltr'>ipsius</span> <span class='ocrx_word' id='word_1_354' title='bbox 1083 4659 1153 4707; x_wconf 85' lang='lat' dir='ltr'>esse,</span> <span class='ocrx_word' id='word_1_355' title='bbox 1172 4644 1214 4692; x_wconf 82' lang='lat' dir='ltr'>sed</span> <span class='ocrx_word' id='word_1_356' title='bbox 1235 4659 1265 4692; x_wconf 82' lang='lat' dir='ltr'>er</span> <span class='ocrx_word' id='word_1_357' title='bbox 1285 4644 1435 4707; x_wconf 83' lang='lat' dir='ltr'>antiquiore</span> 
     </span>
    </p>
   </div>
   <div class='ocr_carea' id='block_1_5' title="bbox 208 4728 1433 4876">
    <p class='ocr_par' dir='ltr' id='par_1_13' title="bbox 208 4728 1433 4876">
     <span class='ocr_line' id='line_1_43' title="bbox 209 4728 1433 4801; baseline 0.002 -25"><span class='ocrx_word' id='word_1_358' title='bbox 209 4729 311 4777; x_wconf 84' lang='lat' dir='ltr'>tluxisse</span> <span class='ocrx_word' id='word_1_359' title='bbox 336 4729 462 4792; x_wconf 78' lang='lat' dir='ltr'>scriptore</span> <span class='ocrx_word' id='word_1_360' title='bbox 487 4729 538 4778; x_wconf 87' lang='lat' dir='ltr'>iam</span> <span class='ocrx_word' id='word_1_361' title='bbox 561 4745 590 4777; x_wconf 82' lang='lat' dir='ltr'>ex</span> <span class='ocrx_word' id='word_1_362' title='bbox 609 4745 639 4778; x_wconf 88' lang='lat' dir='ltr'>eo</span> <span class='ocrx_word' id='word_1_363' title='bbox 658 4734 778 4801; x_wconf 77' lang='lat' dir='ltr'>apparet,</span> <span class='ocrx_word' id='word_1_364' title='bbox 796 4730 865 4794; x_wconf 87' lang='lat' dir='ltr'>quod</span> <span class='ocrx_word' id='word_1_365' title='bbox 885 4730 993 4779; x_wconf 85' lang='lat' dir='ltr'>Veneris</span> <span class='ocrx_word' id='word_1_366' title='bbox 1011 4730 1141 4794; x_wconf 88' lang='lat' dir='ltr'>templum</span> <span class='ocrx_word' id='word_1_367' title='bbox 1160 4744 1229 4778; x_wconf 85' lang='grc'><strong>0000</strong></span> <span class='ocrx_word' id='word_1_368' title='bbox 1247 4728 1296 4777; x_wconf 72' lang='lat' dir='ltr'>llo</span> <span class='ocrx_word' id='word_1_369' title='bbox 1314 4730 1433 4778; x_wconf 84' lang='lat' dir='ltr'>dirutum</span> 
     </span>
     <span class='ocr_line' id='line_1_44' title="bbox 208 4811 496 4876; baseline 0.014 -16"><span class='ocrx_word' id='word_1_370' title='bbox 208 4817 254 4862; x_wconf 87' lang='lat' dir='ltr'>est.</span> <span class='ocrx_word' id='word_1_371' title='bbox 273 4812 311 4864; x_wconf 85' lang='lat' dir='ltr'>Gi.</span> <span class='ocrx_word' id='word_1_372' title='bbox 330 4811 343 4876; x_wconf 68' lang='grc' dir='ltr'>ξ</span> <span class='ocrx_word' id='word_1_373' title='bbox 361 4812 394 4862; x_wconf 73' lang='lat'>29</span> <span class='ocrx_word' id='word_1_374' title='bbox 413 4829 438 4863; x_wconf 90' lang='lat' dir='ltr'>n.</span> <span class='ocrx_word' id='word_1_375' title='bbox 456 4812 496 4864; x_wconf 76' lang='lat' dir='ltr'>ao.</span> 
     </span>
    </p>
   </div>
   <div class='ocr_carea' id='block_1_6' title="bbox 1301 4895 1335 4948">
    <p class='ocr_par' dir='ltr' id='par_1_14' title="bbox 1301 4895 1335 4948">
     <span class='ocr_line' id='line_1_45' title="bbox 1301 4895 1335 4948; baseline 0 -18"><span class='ocrx_word' id='word_1_376' title='bbox 1301 4895 1335 4948; x_wconf 58' lang='grc'>411</span> 
     </span>
    </p>
   </div>
   <div class='ocr_carea' id='block_1_7' title="bbox 0 0 1791 5724">
    <p class='ocr_par' dir='ltr' id='par_1_15' title="bbox 0 0 1791 5724">
     <span class='ocr_line' id='line_1_46' title="bbox 0 0 1791 5724; baseline 0 0"><span class='ocrx_word' id='word_1_377' title='bbox 0 0 1791 5724; x_wconf 95' lang='lat' dir='ltr'> </span> 
     </span>
    </p>
   </div>
  </div>
 </body>
</html>
