3516 5712
393 501 469 575 Cap.
495 501 537 559 11.
988 500 1024 559 76
1523 498 1542 577 ξ
1566 499 1615 558 38.

392 687 542 747 vidimus.
580 688 629 745 Ex
657 687 768 746 ceteris
797 689 949 762 quattuor
977 687 1037 746 tria
1067 704 1153 746 nuno
1181 689 1308 747 servata
1337 689 1413 746 sunt
1434 688 1467 746 in
1488 688 1614 746 Anthol.

393 786 550 845 Palatina:
579 803 628 861 ep.
654 785 711 844 134
735 784 801 862 (VI.
826 785 884 845 215
906 785 939 843 in
961 785 1042 845 trad.
1067 788 1096 844 et
1119 787 1206 843 textu
1231 781 1283 859 S),
1313 803 1362 860 ep.
1387 784 1425 844 97
1449 784 1533 861 (VII.
1559 786 1617 845 250

392 883 424 942 in
446 883 527 942 trad.
555 883 591 957 S,
621 887 728 942 textus
750 884 776 941 A
796 908 835 932 =
859 882 914 959 S),
939 901 987 959 ep.
1012 883 1051 942 98
1075 882 1159 960 (1711.
1184 883 1242 942 347
1264 883 1297 942 in
1319 884 1407 942 textu
1432 882 1469 956 S;
1500 901 1615 944 nomen

394 981 566 1041 Simonidis
592 981 713 1042 librarii
739 999 848 1041 errore
867 981 1000 1056 excidit,
1025 982 1063 1041 ei.
1091 979 1135 1058 ἐξ
1158 981 1212 1056 53,
1237 978 1301 1056 84).
1334 981 1489 1050 Quintum
1511 984 1618 1041 autem

391 1097 439 1154 ep.
464 1079 503 1139 96
528 1081 625 1154 idque
650 1080 889 1156 epigrammatis
911 1079 949 1139 97
971 1080 1138 1155 gemellum
1161 1079 1358 1138 omissurum
1380 1080 1480 1138 fuisse
1502 1079 1616 1139 Collec-

391 1181 509 1253 torem,
533 1180 589 1252 qui
617 1181 769 1253 quattuor
795 1179 964 1253 receperit,
997 1178 1051 1236 vix
1073 1177 1204 1254 eogitari
1226 1180 1339 1253 potest.
1372 1178 1411 1236 At
1432 1178 1491 1236 hoe
1512 1193 1561 1252 ep.
1586 1181 1616 1236 et

391 1293 464 1334 oum
496 1276 623 1334 nomine
656 1271 829 1335 Simonidis
857 1277 887 1334 et
914 1276 947 1334 in
976 1277 1064 1334 textu
1093 1275 1133 1334 ab
1163 1275 1310 1350 Ephoreo
1341 1273 1410 1352 (Αἵ,
1441 1275 1480 1334 ei.
1515 1273 1534 1352 ἓ
1564 1273 1615 1351 Sl)

391 1374 518 1432 diverso
545 1374 660 1449 legitur
688 1373 774 1448 apud
797 1374 993 1432 Favorinum
1017 1371 1193 1450 [Pa-Dion.
1219 1370 1351 1449 Chrys]
1376 1373 1532 1431 XXXVII.
1560 1373 1613 1448 18,

374 1475 543 1544 'sequente
570 1473 799 1546 epigrammate
826 1471 864 1530 98
892 1489 993 1546 eoque
1020 1471 1051 1529 in
1079 1474 1168 1530 textu
1197 1470 1271 1530 Set
1292 1471 1420 1529 nomine
1444 1470 1616 1530 Simonidis

392 1567 492 1644 (quod
513 1569 546 1627 in
565 1569 626 1627 ΑΡ.
648 1569 847 1628 intercidisse
864 1567 943 1646 dixi)
962 1570 1129 1629 instructo.
1154 1569 1240 1628 Usus
1259 1569 1358 1644 igitur
1374 1553 1424 1626 est
1436 1569 1616 1627 Favorinus

391 1666 559 1725 traditione
589 1666 610 1726 S
640 1667 659 1725 i.
684 1685 710 1725 e.
736 1684 816 1726 usus
838 1669 886 1726 est
907 1668 1084 1742 Meleagrea
1107 1667 1248 1741 Corona,
1280 1666 1313 1725 in
1334 1682 1432 1740 quam
1454 1668 1523 1724 tum
1547 1665 1616 1741 Syl-

390 1764 477 1838 loges
499 1764 714 1839 fragmentum
729 1767 890 1839 receptum
906 1769 974 1823 erat
987 1761 1039 1840 55).
1064 1765 1166 1839 Atque
1187 1764 1266 1823 adeo
1284 1764 1377 1840 etiarn
1395 1781 1482 1822 nunc
1498 1763 1617 1822 adsunt

390 1862 422 1919 in
445 1862 550 1921 codice
566 1862 710 1922 Palatino
732 1862 970 1938 epigrammatis
989 1861 1027 1922 96
1044 1863 1192 1937 vestigia,
1214 1861 1333 1936 quibus
1348 1861 1528 1920 ostenditur
1543 1861 1617 1919 huie

390 1959 611 2036 epigrammati
631 1960 664 2018 in
688 1960 813 2020 Corona
834 1960 938 2019 locum
960 1960 1061 2020 fuisse
1075 1960 1158 2019 inter
1172 1977 1220 2035 ep.
1239 1960 1309 2018 Vll.
1328 1958 1386 2018 249
1404 1957 1457 2035 (z
1471 1958 1548 2018 Sim.
1563 1956 1615 2034 92)

389 2062 420 2116 et
441 2058 608 2133 gemellum
630 2058 699 2116 eius
720 2075 769 2133 ep.
794 2057 939 2134 971711.
965 2057 1053 2134 250);
1077 2058 1115 2117 ei.
1143 2056 1187 2134 §5
1210 2057 1262 2132 53,
1289 2056 1355 2115 191.

433 2155 521 2215 Siout
535 2156 681 2232 Sylloges
695 2155 895 2215 Simonideae
904 2156 1070 2231 Meleager,
1082 2155 1124 2214 ita
1138 2155 1281 2215 Coronae
1290 2154 1446 2230 Cephalas
1456 2155 1616 2230 fragmen·

390 2257 458 2312 tum
488 2255 613 2329 recepit.
648 2253 718 2322 Qua
745 2271 779 2312 re
803 2253 930 2329 Sylloge
951 2254 1057 2312 denuo
1077 2254 1232 2312 iacturam
1254 2257 1301 2312 est
1323 2270 1429 2327 passa.
1459 2252 1617 2320 Quemad-

390 2352 520 2410 modum
543 2355 619 2411 sunt
640 2352 884 2427 epigraminata,
910 2352 1046 2426 quaein
1070 2351 1197 2427 Sylloge
1218 2351 1288 2426 ipsa
1307 2352 1432 2410 tantum
1450 2352 1530 2410 leeta
1546 2368 1617 2410 esse

390 2450 525 2524 seimus,
556 2450 599 2508 ita
628 2450 688 2508 alia
710 2449 935 2524 inveniuntur,
961 2467 1043 2524 quae
1064 2467 1082 2508 a
1104 2449 1263 2524 Meleagro
1285 2451 1409 2524 recepta
1436 2467 1454 2508 a
1477 2449 1616 2523 Cephala

389 2548 507 2606 omissa
529 2565 600 2607 esse
621 2549 755 2607 constat.
781 2549 825 2606 De
846 2548 964 2622 quibus
987 2547 1049 2606 vid.
1077 2546 1096 2625 ᾗ
1121 2547 1187 2606 143.

431 2645 509 2704 Cum
529 2663 585 2721 per
604 2646 812 2721 Meleagream
832 2645 990 2706 Coronam
1006 2649 1073 2703 tum
1089 2662 1147 2720 per
1161 2645 1383 2720 Anthologiam
1400 2645 1615 2720 Cephalanam

392 2743 536 2820 Sylloges
554 2744 755 2804 Simonideae
769 2745 999 2821 epigrammata
1014 2746 1230 2819 pervenerunt
1241 2743 1336 2802 etiam
1346 2744 1379 2801 in
1392 2743 1615 2819 Anthologiam

390 2842 599 2917 Planudeam,
618 2842 673 2901 sed
688 2843 840 2917 quoniam
855 2843 1014 2901 Planudes
1029 2842 1174 2901 ordinem
1189 2841 1470 2916 epigrammatum,
1489 2842 1614 2916 qualem

388 2940 510 2998 invenit
526 2941 557 2998 in
574 2941 716 2999 fontibus
733 2941 818 3017 suis,
843 2958 908 2999 non
925 2942 1081 3016 servavit,
1106 2941 1286 3015 fragmenta
1304 2939 1449 3015 Sylloges
1464 2940 1614 3000 continua

389 3055 445 3112 per
467 3039 661 3114 Meleagrum
683 3042 857 3116 propagata
879 3040 1003 3098 tantum
1026 3039 1059 3097 in
1082 3038 1263 3112 Cephalana
1284 3038 1443 3112 expectari
1465 3041 1611 3113 possunt.

389 3136 438 3193 Ex
461 3136 622 3196 Planudea
643 3137 749 3196 denuo
770 3155 862 3196 suam
887 3136 1102 3221 Simonideam
1124 3136 1237 3194 seriem
1256 3136 1364 3194 hausit
1384 3136 1614 3196 Constantinus

389 3235 545 3294 Lasoaris.

429 3333 469 3390 Et
487 3333 526 3392 de
541 3333 682 3408 vestigiis
700 3333 845 3409 Sylloges
862 3332 1063 3392 Simonideae
1077 3333 1109 3390 in
1125 3331 1323 3408 Anthologiis
1339 3332 1614 3406 deprehendendis

388 3433 418 3488 et
445 3431 484 3488 de
509 3430 579 3490 aliis
601 3431 842 3506 quaestionibus
869 3431 909 3489 ad
931 3430 1137 3506 Anthologias
1159 3429 1393 3505 pertinentibus
1415 3430 1613 3505 disputatum

388 3532 435 3592 est
459 3527 502 3606 ἓξ
525 3529 679 3603 82-194;
703 3528 875 3601 195-198;
900 3528 967 3587 129.

420 3778 455 3840 55)
490 3780 600 3838 11111111
618 3779 723 3843 Sylloge
741 3778 1054 3840 Simonideainterierit,
1073 3778 1177 3827 difficile
1195 3779 1267 3826 dictu
1286 3783 1333 3826 est.
1353 3777 1387 3826 At
1402 3777 1528 3827 affirmari
1542 3792 1615 3840 posse

388 3870 451 3926 pulo
475 3880 519 3913 eos
541 3864 693 3928 scriptores,
718 3864 764 3927 qui
783 3864 915 3928 Meleagro
934 3864 1092 3912 recentiores
1110 3863 1164 3910 sint
1183 3863 1406 3925 tr·a‹.litionemque
1425 3862 1442 3910 S
1459 3876 1615 3924 repraesen-

388 3955 462 4012 tent,
492 3964 552 3997 usos
581 3965 637 3998 esse
667 3964 720 3998 non
747 3949 853 4012 Sylloge
879 3949 950 4011 ipsa,
980 3948 1024 3996 scd
1053 3949 1201 4009 fragmento
1227 3949 1300 4008 eins,
1330 3948 1400 4010 quod
1428 3947 1561 4011 Meleager
1586 3948 1613 3994 in

387 4032 515 4082 Coronam
534 4036 681 4097 recepisset.
713 4034 749 4081 De
768 4033 866 4095 quibus
884 4032 933 4080 vid.
954 4030 1192 4095 p1·aeterea§'lll.
1226 4032 1299 4090 Quod
1318 4033 1465 4080 tenendum
1484 4038 1526 4082 est
1543 4033 1614 4092 ideo,

387 4117 456 4178 quod
477 4118 532 4167 lieri
551 4124 648 4180 potest,
675 4124 704 4166 ut
722 4117 794 4166 tituli
813 4117 958 4166 Simonidei
976 4118 1199 4182 epigrammatum
1219 4117 1287 4180 apud
1307 4118 1366 4166 illos
1384 4117 1524 4180 scriptores
1541 4115 1613 4166 obvi-

387 4215 461 4248 orum
481 4202 533 4251 iarn
553 4203 579 4250 in
598 4201 699 4251 Corona
717 4217 747 4251 ex
766 4202 899 4251 erroribus
918 4203 958 4250 rel
976 4217 1006 4249 cx
1026 4201 1085 4250 aliis
1103 4201 1189 4250 titulis
1207 4202 1355 4264 depravatis
1374 4201 1430 4252 nati
1448 4201 1510 4252 sint.
1532 4200 1614 4252 Cuius

388 4286 424 4334 rei
442 4301 533 4336 rerera
551 4288 714 4336 oll'endemus
732 4289 853 4350 exempla
869 4284 908 4348 (ἓὲ
926 4285 971 4348 54,
989 4285 1034 4347 99;
1053 4284 1065 4347 ἓ
1083 4284 1134 4347 67).

921 4595 1079 4602 .--.
