3546 5724
394 459 469 539 cap.
495 458 538 523 n.
985 457 1022 522 50

394 650 580 725 scriptorem
608 666 680 709 cum
709 649 885 724 genuinum
913 652 1034 708 textum
1057 650 1209 725 praebere
1230 652 1372 726 putaret,
1405 667 1502 711 versu
1522 649 1621 712 altero

394 748 573 807 coniectura
604 749 724 807 tentato
754 747 895 807 indicare
926 747 1042 822 voluit,
1077 748 1237 822 quomodo
1268 749 1447 808 testimonia
1476 750 1558 809 inter
1588 769 1622 809 se

393 848 500 905 essent
521 863 650 904 conexa.

433 945 542 1018 Neque
580 944 700 1002 nodum
738 944 872 1002 solvisse
907 943 983 1002 mihi
1018 943 1144 1003 videtur
1180 943 1445 1003 Wilamowitz
1482 944 1617 1021 (domm.

393 1060 423 1117 p.
448 1041 540 1115 3-7,
576 1041 671 1101 NGG.
701 1059 731 1116 p.
757 1040 846 1116 310),
882 1058 1078 1116 quamquam
1111 1042 1166 1099 uni
1198 1041 1354 1116 imprimis
1383 1043 1428 1101 rei
1456 1043 1621 1118 splendide

392 1139 495 1198 lucem
526 1138 630 1197 attulit
664 1135 717 1212 (cf.
750 1136 856 1214 §alh
891 1138 956 1196 Viri
985 1137 1153 1196 clarissimi
1181 1137 1297 1197 iudicio
1324 1138 1506 1201 Athenaeus
1533 1142 1620 1198 totus

392 1237 507 1312 pendet
528 1255 547 1296 a
569 1236 827 1312 chamaeleonte,
852 1238 913 1297 nisi
935 1237 1022 1312 quod
1043 1237 1076 1294 in
1094 1237 1192 1295 huius
1211 1237 1355 1296 notitiam
1373 1238 1504 1297 intrusit
1522 1239 1619 1298 verba

393 1333 439 1401 ὡς
459 1333 513 1395 καὶ
538 1331 732 1412 Θεόπομπος
753 1333 869 1412 ἱστορεῖ
886 1332 939 1394 καὶ
963 1331 1092 1412 Τίμαιος
1112 1332 1145 1393 ἒν
1167 1338 1202 1413 τῇ
1225 1332 1260 1404 ζ.
1293 1336 1408 1394 Vereor
1429 1354 1470 1396 ne
1490 1354 1526 1396 ea
1549 1337 1617 1412 via,

393 1451 456 1508 qua
475 1434 699 1510 Theopompus
717 1436 813 1508 atque
827 1434 976 1493 Timaeus
994 1451 1011 1492 e
1029 1433 1216 1508 quaestione
1233 1435 1448 1511 eliminantur,
1470 1435 1620 1510 cuiquam

392 1531 516 1606 placere
536 1548 600 1589 non
622 1530 732 1605 possit.
758 1531 852 1590 Recte
870 1531 976 1590 virum
994 1531 1031 1590 cl.
1054 1531 1173 1590 vidisse
1189 1532 1328 1591 arbitror
1346 1532 1620 1592 Chamaeleontem

392 1621 543 1688 Athenaei
571 1629 690 1687 fontem
719 1629 819 1687 fuisse
847 1629 1052 1704 primarium,
1085 1629 1139 1688 sed
1168 1630 1303 1705 erravit,
1334 1630 1396 1688 nisi
1423 1649 1482 1707 ego
1510 1632 1616 1707 fallor,

393 1744 465 1785 cum
502 1726 630 1802 negavit
665 1726 862 1786 Athenaeum
899 1727 932 1784 in
969 1727 1222 1787 Chamaeleontis
1258 1727 1339 1786 libro
1374 1728 1438 1787 iam
1472 1729 1620 1788 laudatos

392 1824 554 1883 invenisse
585 1824 825 1898 Theopompum
857 1826 952 1898 atque
984 1824 1148 1883 Timacum
1183 1822 1235 1900 (ci.
1267 1822 1310 1901 ἓξ
1333 1824 1387 1900 30,
1412 1823 1476 1901 31).
1511 1826 1621 1900 Neque

392 1920 620 1980 Wilamowitzii
648 1920 815 1995 explicatio
837 1920 1020 1979 satisfacere
1041 1922 1144 1996 potest
1165 1921 1197 1979 in
1220 1921 1404 1981 condicione
1424 1923 1620 1998 Theopompi

392 2022 488 2094 atque
519 2018 681 2078 Plutarchi
713 2017 920 2092 designanda.
956 2018 1031 2076 Iure
1063 2015 1099 2094 (ἓ
1121 2016 1174 2092 28)
1207 2036 1280 2077 eum
1309 2019 1454 2079 reiecisse
1481 2021 1619 2095 priorem

394 2117 528 2194 (Gomm.
544 2135 573 2192 p.
590 2115 622 2193 3)
638 2116 818 2190 opinionem
834 2115 989 2190 existimo,
1008 2116 1214 2175 Plutarchum
1227 2134 1323 2175 usum
1334 2134 1405 2176 esse
1416 2118 1620 2195 Theopompo

391 2217 475 2290 ipso;
506 2215 598 2274 cuius
627 2214 770 2272 notitiam
799 2215 904 2288 potius
932 2231 989 2289 per
1018 2214 1115 2272 alium
1144 2215 1331 2290 scriptorem
1359 2216 1520 2289 quendam
1545 2233 1620 2276 eum

391 2314 580 2389 cognovisse
608 2312 866 2372 constituendum
898 2313 1031 2371 videtur.
1065 2312 1128 2372 Sed
1149 2313 1229 2372 mire
1250 2331 1308 2373 nos
1330 2314 1492 2388 inquirere
1513 2318 1616 2391 vetat,

391 2411 524 2484 quinam
552 2412 662 2469 auctor
690 2410 773 2469 inter
799 2413 973 2485 utrumque
994 2410 1118 2469 medius
1140 2411 1181 2469 sit
1205 2409 1314 2487 (mach
1336 2411 1396 2470 den
1418 2413 1540 2471 Namen
1563 2413 1620 2472 dar

392 2509 644 2568 Mittelsmiinner
671 2526 711 2567 zu
739 2509 860 2567 suchen
887 2509 929 2567 ist
950 2526 1032 2584 ganz
1054 2507 1216 2585 miissig’).
1251 2510 1290 2568 At
1312 2527 1347 2569 ea
1369 2511 1439 2586 ipsa
1461 2511 1499 2568 de
1521 2528 1619 2570 causa

391 2606 495 2664 omnis
524 2610 633 2665 nostra
661 2606 864 2682 investigatio
887 2606 1080 2665 instituitur:
1110 2607 1161 2665 ille
1181 2607 1265 2666 enim
1288 2608 1437 2683 scriptor,
1469 2610 1619 2682 quamvis

391 2723 430 2764 ex
457 2706 660 2790 Theopompo
682 2705 892 2780 antiquiorem
915 2706 1153 2782 epigrammatis
1174 2707 1391 2766 condicionem
1414 2709 1615 2784 cognoverit,

392 2803 564 2862 Plutarcho
585 2803 791 2862 recentiorem
812 2803 983 2862 tradidisse
1005 2803 1140 2862 videtur.
1173 2803 1291 2871 Quales
1313 2807 1477 2879 practerea
1499 2806 1620 2864 Timaei

391 2901 510 2960 luerint
537 2903 644 2976 partes
673 2917 708 2960 se
735 2901 898 2960 affirmare
926 2919 990 2960 non
1018 2918 1112 2975 posse
1134 2918 1194 2960 v.c.
1219 2901 1288 2976 ipse
1309 2903 1479 2976 profitetur
1501 2901 1545 2978 (p.
1571 2901 1615 2979 4).

390 3000 454 3058 Nec
481 2999 617 3073 denique
641 2999 818 3058 enucleavit
839 2999 1048 3058 donariorum
1069 2999 1239 3058 discrimen
1262 3017 1366 3074 neque
1387 3003 1532 3059 textuum
1554 3001 1619 3059 dis·

391 3097 595 3173 crepantiam.

432 3194 451 3272 §
473 3195 521 3254 27.
567 3193 618 3255 De
635 3192 861 3272 Theopompo
907 3194 1173 3253 Testimoniorum
1189 3195 1410 3270 cognationem
1424 3195 1619 3271 indagaturo

390 3296 431 3356 ab
452 3312 488 3354 eo
509 3293 777 3369 proficiscendum
798 3295 845 3352 est
867 3293 1037 3368 scriptore,
1062 3293 1154 3352 cuius
1170 3294 1268 3352 verba
1283 3294 1399 3352 tradita
1415 3296 1491 3353 sunt
1506 3294 1619 3352 alienis

390 3392 537 3452 frustulis
560 3409 624 3450 non
645 3391 844 3466 intermixta,
870 3408 912 3449 sc.
938 3407 956 3448 a
978 3390 1191 3466 Theopompo
1222 3391 1283 3458 Qui
1305 3391 1397 3450 nohis
1419 3391 1618 3450 occasionem

390 3494 445 3552 dat
479 3490 658 3565 statuendi,
696 3489 773 3564 quid
807 3489 841 3546 in
876 3489 1028 3548 Athenaei
1061 3489 1242 3548 testimonio
1273 3506 1337 3547 non
1369 3489 1430 3562 ipsi
1462 3488 1518 3547 sed
1549 3490 1620 3548 sive

390 3589 625 3651 chamaeleonti
647 3588 715 3647 siva
736 3587 863 3646 Timaeo
885 3587 1038 3646 debeatur
1061 3584 1114 3662 (cf.
1141 3584 1160 3663 ἓ
1184 3584 1247 3662 30).

431 3686 660 3748 Constituenda
689 3687 751 3745 iam
778 3688 826 3745 est
847 3686 988 3745 condicio
1010 3685 1250 3760 Theopompeae
1270 3685 1304 3742 in
1328 3684 1454 3744 Scholio
1475 3685 1614 3744 notitiae.

390 3787 494 3856 Quam
521 3785 679 3860 integram
705 3801 856 3862 servasse
887 3783 1097 3842 Scholiastam
1123 3783 1251 3859 Pregeri
1272 3785 1320 3842 est
1342 3783 1498 3842 sententia
1522 3781 1615 3859 (diss.

390 3905 420 3962 p.
446 3883 508 3959 13).
544 3884 613 3943 Hoc
634 3883 781 3958 equidem
802 3883 979 3958 praefracte
1000 3900 1091 3958 nego.
1127 3882 1271 3940 Primum
1292 3883 1375 3941 anim
1398 3882 1485 3941 haud
1507 3882 1618 3940 verisi-

389 3983 462 4042 mile
489 3985 536 4042 est
564 3981 703 4041 tacuisse
727 3981 967 4055 Theopompum
988 3981 1027 4039 da
1049 3978 1199 4039 donario
1221 3981 1316 4054 atque
1337 3980 1376 4038 de
1397 3981 1465 4039 eius
1487 3996 1615 4054 genere.

390 4081 509 4140 Deinde
536 4081 569 4139 in
599 4079 705 4139 verbis
734 4075 836 4138 εἶναι
866 4076 940 4154 (ἔστι
967 4079 1073 4153 Bergk
1082 4075 1103 4154 l)
1127 4075 1161 4136 ἀὲ
1182 4075 1236 4137 καὶ
1256 4080 1313 4137 νῦν
1334 4074 1618 4155 ἀναγεγραμμένον

389 4177 451 4240 κτλ.
475 4179 652 4239 Scholiasta
681 4178 731 4237 vel
759 4178 827 4236 eius
855 4181 965 4236 auctor
993 4177 1026 4234 in
1054 4176 1185 4236 brevius
1214 4176 1405 4235 contrahens
1430 4175 1528 4234 relata
1550 4193 1617 4234 cer-

390 4278 486 4337 nitur.
520 4279 630 4351 Neque
658 4277 755 4335 verba
784 4273 1086 4353 ἀναγεγραμμένον
1107 4272 1239 4351 ἐλεγεῖον
1260 4271 1381 4333 εἰσιόντι
1401 4272 1443 4340 εἰς
1464 4269 1517 4332 τὸν
1537 4271 1618 4333 ναὸν

389 4374 552 4452 ἀριστερᾶς
578 4371 683 4452 χειρὸς
709 4373 864 4432 eiusmodi
891 4376 983 4448 sunt,
1015 4375 1088 4431 uta
1110 4373 1195 4432 hono
1217 4372 1370 4447 scriptore
1391 4390 1428 4431 ea
1450 4372 1523 4431 data
1544 4389 1618 4431 esse
1694 4355 1699 4361 ’

389 4475 525 4533 credam.
564 4474 634 4541 Qua
656 4474 695 4532 de
716 4491 813 4533 causa
835 4474 1075 4548 Theopompum
1097 4473 1264 4547 scripsisse
1284 4474 1362 4547 puto
1384 4490 1448 4530 non
1470 4469 1616 4548 inscrip-

390 4572 518 4633 tionem
539 4572 640 4631 fuisse
660 4572 814 4646 templum
836 4572 967 4631 intranti
990 4572 1030 4630 ad
1052 4571 1232 4645 sinistram,
1258 4571 1312 4630 sed
1332 4568 1538 4644 donarium,
1564 4571 1617 4629 oui

388 4671 465 4730 illud
500 4668 632 4747 ἐλεγεῖον
663 4671 747 4729 esset
779 4670 1006 4745 subscriptum.
1052 4668 1142 4737 Quae
1172 4670 1352 4728 coniectura
1383 4686 1422 4726 ex
1454 4669 1617 4727 Athenaeo

388 4770 571 4829 confirmari
598 4771 715 4845 potest;
745 4769 831 4844 apud
853 4786 926 4827 eum
947 4769 1031 4828 enim
1053 4768 1204 4844 leguntur
1226 4768 1323 4827 verba
1346 4765 1531 4827 ἀναθέντων
1552 4769 1618 4828 τῶν
